4414 6188
377 248 413 304 ii
953 241 1144 298 ntstti‘tt't.
1164 241 1332 299 tinctus
1351 242 1373 299 l.
1919 237 1956 294 ii

316 346 521 406 obooiaeretur,
549 361 566 396 a
582 336 707 411 capitali,
731 347 758 394 et
782 303 920 410 ptiodnta
938 335 1066 400 diversi,
1090 333 1140 388 sed
1186 336 1234 390 bro
1254 337 1300 390 tx.
1319 355 1362 404 ep.
1382 335 1452 392 xvt.
1483 331 1666 390 cassiodorum
1691 329 1842 388 diuinarum
1866 327 2010 386 lectionum

318 448 388 500 puae
406 426 440 480 ob
459 425 527 481 artis
545 434 714 488 contentum,
728 433 755 476 ct
772 421 929 476 celet-iorem
946 417 1119 490 scriptionem
1127 455 1137 483 ,
1163 433 1166 464 t
1186 422 1309 476 alliot
1323 421 1402 487 xxtt,
1416 419 1486 474 boile
1498 437 1541 476 cos
1555 418 1721 474 Themistius
1734 416 1871 484 describit,
1878 416 1947 488 quoti
1958 417 2011 482 sint

316 511 393 582 puori
407 509 436 564 in
455 508 593 581 globulos,
612 509 661 562 red
677 527 733 560 uon
752 527 799 561 eos
815 505 947 578 pensentur
964 504 1138 568 curiatum,
1190 505 1297 558 itiuctsoi
1315 505 1365 558 itas
1382 504 1472 558 io'ttot'ts
1492 506 1645 578 μιθιιιιιζιιν
1660 504 1689 558 iu
1706 501 1821 556 obtutu
1840 502 1951 563 σκήνους
1968 501 2011 554 ia-

317 593 407 668 puaiis
431 604 471 647 est
496 592 576 646 bodie
592 590 621 645 in
648 590 842 661 antiquissimis
871 586 980 658 Virgilii
1002 587 1138 642 codicibus
1186 586 1325 649 comitivos
1341 592 1376 649 sic
1387 583 1532 660 cipitnttyie
1544 589 1572 640 ir
1581 585 1629 640 uoti
1641 585 1769 656 struppis
1777 587 1824 656 qui
1838 585 2012 654 cosucttitote

322 679 464 734 Vaticanis
478 679 557 730 3125.
577 679 656 731 3817.
675 687 701 731 et
720 677 777 730 clio
795 672 879 730 simili
896 689 975 742 qrtctn
1000 663 1055 742 epse
1074 673 1138 727 Hei·
1183 669 1390 738 praedtlisunt,
1410 681 1624 726 attacorum
1643 672 1758 740 antiquo
1782 684 1809 725 et
1826 675 1954 726 uniuerso
1966 683 2008 726 ta·

317 762 444 835 deibergo
460 781 522 818 cunt
542 763 679 818 Palatina
691 761 853 816 bibliotheca
866 761 896 812 in
913 757 1076 814 Vaticanum
1091 759 1139 812 cd·
1163 760 1166 839 i
1187 756 1335 810 herunculo
1354 756 1385 808 in
1403 773 1494 810 recens
1510 775 1543 810 ao
1555 751 1818 825 nupersnbricntutn
1832 753 2010 822 tramferout,

318 848 396 901 tresel:
414 848 451 900 od
466 849 541 921 cujus
550 845 641 917 fidem
660 857 745 902 antec
768 843 878 917 Virgilii
894 861 983 915 opera
1001 841 1097 897 omnio
1109 845 1141 897 in
1186 839 1258 904 siue,
1277 851 1307 894 ut
1324 857 1379 894 uno
1399 841 1481 893 uerbo
1498 841 1606 902 dicata,
1625 838 1676 908 qui
1691 839 1818 908 antiquos
1837 838 1942 890 codices
1961 855 2012 892 no·

318 929 476 998 bibliopolio
494 927 717 986 commeliniono
736 946 811 982 anno
830 929 912 981 1603.
924 927 975 980 sed
991 945 1048 980 non
1067 927 1141 980 bona
1186 935 1253 978 runt
1270 923 1429 980 describere.
1448 924 1536 994 Quare
1553 926 1632 976 etiam
1652 921 1784 975 lsiutiorus
1803 918 1873 973 libro
1887 919 1934 973 Vl.
1952 935 2010 988 cap.

263 1005 369 1086 ²¹fide
386 1014 492 1086 culpato
509 1024 583 1068 sunt.
604 1013 662 1066 iiia
681 1012 858 1068 translationis
876 1010 977 1084 specics
994 1022 1049 1064 erat
1064 1009 1140 1064 wu-
1189 1009 1233 1061 il.
1251 1007 1286 1062 itu
1307 1013 1378 1064 intes
1396 1026 1440 1063 eos
1458 1016 1485 1061 et
1503 1006 1626 1062 librarios
1640 1005 1799 1073 distinguit,
1813 1015 1841 1055 ιιι
1855 1004 1915 1055 ilios
1930 1002 2014 1067 dicut,

318 1100 480 1168 tebergensis
499 1097 528 1150 io
546 1101 701 1153 iettensem.
727 1095 853 1169 Coeperat
873 1095 1078 1162 Wittebergae,
1098 1095 1141 1145 iu·
1188 1095 1234 1162 qui
1254 1092 1436 1146 tuotttmtoodo
1453 1101 1558 1152 uetere,
1577 1090 1633 1152 bos,
1653 1090 1700 1158 qui
1722 1107 1787 1142 nura
1807 1101 1830 1140 ct
1853 1095 1939 1140 cetera
1952 1087 2014 1138 scri·

317 1183 434 1235 troducta
454 1181 553 1234 ibidem
573 1197 642 1233 anno
668 1181 749 1232 tous.
775 1179 927 1241 academie,
954 1177 1141 1232 bibliothecam
1163 1211 1166 1221 ·
1186 1177 1262 1231 boat.
1280 1179 1387 1231 Tertius
1405 1175 1472 1230 urdo
1490 1175 1518 1227 iu
1537 1173 1700 1228 bibliotheca
1719 1181 1793 1225 eraut
1811 1169 1947 1234 custodes,
1964 1167 2037 1250 qut·

315 1261 467 1317 briderirus
485 1264 606 1334 sepiens,
632 1264 747 1329 elector,
765 1282 842 1334 quom
856 1265 991 1319 iohtnnes
1008 1260 1091 1316 irstcr
1113 1274 1141 1316 et
1189 1265 1222 1316 tle
1240 1261 1417 1315 bibliothecae
1436 1259 1553 1313 custodia
1573 1269 1660 1312 esseut
1685 1255 1800 1310 solliciti.
1822 1254 1875 1306 tilii
1893 1273 1907 1305 a
1925 1261 2009 1307 custo·
2029 1228 2065 1278 ²¹⁰

316 1362 449 1399 successor
468 1345 612 1414 insigniter
630 1347 715 1410 auxit,
735 1347 813 1412 huius
829 1343 989 1412 seruilius,
1005 1345 1141 1400 iohannes
1188 1345 1268 1398 dibus
1286 1356 1358 1398 crant
1377 1343 1498 1415 capsarii,
1518 1343 1574 1397 sire
1590 1343 1637 1413 qni
1657 1349 1762 1413 portant
1780 1340 1872 1404 libros,
1891 1339 1931 1390 nti
1949 1339 2009 1408 ipse

315 1427 486 1493 Fritiericus,
507 1429 604 1497 majori
623 1431 710 1484 adhuc
723 1430 887 1484 incremento
907 1430 988 1482 dedit.
1007 1429 1139 1497 Georgius
1186 1427 1317 1497 Ulpianus
1336 1428 1487 1496 explicati.
1508 1427 1552 1479 13.
1577 1447 1601 1475 ’.·.
1620 1425 1652 1478 tie
1665 1441 1787 1478 monum·
1801 1421 1933 1488 uindicta,
1947 1437 2011 1491 pue·

317 1511 468 1584 Spoletinus
485 1523 557 1575 crat,
577 1515 649 1581 cujus
667 1531 728 1568 cura
747 1517 867 1568 utebatur
891 1515 1007 1577 elector,
1025 1514 1056 1566 ad
1077 1533 1138 1568 cou-
1187 1515 1226 1566 ris
1243 1511 1348 1581 quidem
1377 1513 1403 1564 in
1431 1512 1545 1564 sobolem
1570 1508 1706 1568 euntibus,
1735 1508 1768 1559 ita
1787 1506 1871 1569 dicti,
1899 1504 1959 1574 quia
1982 1505 2011 1558 ta

314 1596 457 1670 qaireotios
476 1597 591 1668 undique
610 1599 703 1666 libros,
722 1600 768 1670 qui
787 1601 867 1654 etism
888 1611 951 1654 teate
972 1601 1137 1668 llorttedaro,
1186 1611 1261 1663 cspsu
1280 1597 1362 1648 libros
1381 1593 1528 1665 portabunt,
1546 1591 1583 1647 uti
1602 1609 1635 1644 es
1651 1589 1775 1646 iuteuule
1787 1587 1915 1639 discimus
1928 1599 2013 1656 satyra

315 1693 389 1737 tomo
409 1684 429 1733 l.
449 1681 482 1735 de
499 1685 585 1736 cantis
605 1684 667 1735 belli
686 1683 842 1739 Germanici
862 1685 933 1738 libro
953 1685 1000 1739 li.
1017 1703 1073 1755 cap.
1094 1687 1138 1738 ³³.
1190 1677 1222 1729 X·
1242 1698 1265 1732 s.
1287 1679 1349 1730 lib.
2032 1741 2040 1760 υ

315 1765 441 1823 Venetici
460 1767 614 1820 mittebatur
631 1769 665 1821 ed
685 1769 843 1823 coemendos
861 1771 962 1836 libros,
982 1771 1047 1823 surii
1067 1771 1138 1823 ordi·
1247 1762 1372 1834 Quisquis
1384 1761 1471 1816 adhuc
1484 1779 1539 1816 terra
1549 1769 1658 1828 portans
1672 1758 1737 1814 colit
1753 1771 1809 1810 csse
1821 1754 1998 1818 Mineruam,
2032 1734 2070 1785 ²⁷

314 1855 367 1916 ⁰5⁵.
387 1850 457 1904 nulli
476 1850 564 1904 hobiit
584 1851 688 1906 tsilcuc
705 1865 869 1926 sumptuum.
887 1853 927 1906 Ex
945 1854 1041 1924 quibos
1068 1855 1136 1908 locu·
1244 1853 1330 1920 Quota
1343 1850 1564 1919 requiturouttos
1577 1858 1713 1916 onpttstce
1724 1843 1951 1908 cernuiucupsne.

318 1933 464 2006 pietabtttnt
481 1935 570 1990 indies
589 1935 756 1992 bibliotheca.
777 1939 830 1993 Sed
848 1955 907 1992 cunt
928 1937 1139 2002 iuieiisclector,
1223 1931 1356 1996 Alterum,
1374 1933 1444 2004 quoti
1466 1931 1513 1984 hoo
1531 1933 1589 2001 lege
1608 1928 1763 2000 preesoribit
1783 1928 1945 1996 imperator,
1972 1931 2012 1974 est

317 2026 452 2088 postquam
470 2019 503 2071 ed
523 2019 711 2089 Mtthlbctgttn
730 2032 823 2092 eaptus
837 2035 920 2086 essct,
940 2023 1138 2090 Wittelrergum
1187 2016 1219 2070 tle
1238 2019 1334 2071 stisrio
1352 2017 1580 2088 antiquariorum,
1601 2023 1628 2066 ut
1649 2012 1681 2066 de
1706 2010 1814 2064 csdncis
1841 2005 2014 2078 popularibus

314 2101 465 2171 imperatori
484 2100 582 2155 dedere
598 2113 744 2171 auguratur,
765 2104 848 2175 ipsius
866 2101 918 2158 litii
933 2105 966 2158 ab
979 2106 1139 2176 imperaturo
1187 2113 1367 2172 competentes
1388 2101 1578 2171 impertiuntur
1597 2113 1723 2150 annonae.
1744 2095 1886 2152 hononsc,
1898 2107 1962 2162 quac
1984 2090 2014 2141 in

314 2182 553 2252 1111Ι’θ““ΙΙ“1“11.ιιι
575 2183 764 2240 bibliothecctn
786 2188 972 2259 Wittebergte
990 2190 1139 2251 collectam,
1186 2190 1251 2242 urbe
1268 2185 1499 2256 Constantinopoli
1518 2182 1724 2254 praebebantur,
1754 2195 1787 2234 ex
1806 2177 1911 2248 pul-lico
1931 2171 2016 2243 irlttll·

314 2273 446 2336 totoqorn
467 2265 672 2336 patrimonium,
690 2269 744 2322 alio
764 2269 946 2326 trattsierreut.
962 2272 1067 2326 Etcum
1083 2292 1139 2326 mu·
1185 2291 1229 2327 ces
1247 2285 1332 2328 mant:
1353 2273 1502 2343 pristinae,
1522 2269 1662 2342 paletinis;
1677 2265 1824 2325 militares,
1840 2261 2013 2312 militaribus:

315 2364 403 2402 serum
423 2349 498 2402 seties
515 2353 598 2404 ienae
613 2351 731 2419 jamdum
749 2364 819 2408 essct
843 2353 989 2422 destinata,
1016 2375 1047 2410 eo
1071 2375 1141 2412 sotto
1187 2361 1322 2429 populures
1341 2357 1442 2428 reliquo
1460 2355 1561 2420 ordini,
1580 2356 1627 2424 qui
1646 2350 1783 2422 populeris
1799 2345 1936 2399 dicebatur
1954 2343 1972 2394 i.
1985 2344 2014 2394 ’1.

316 2431 395 2483 tcto.
417 2434 540 2486 translata
559 2431 619 2486 iuit.
640 2436 798 2503 Sagittarius
817 2438 846 2490 in
860 2438 911 2493 rita
925 2440 1139 2508 subinduto,
1186 2463 1210 2499 c.
1228 2443 1263 2496 de
1280 2442 1402 2497 annonis
1420 2439 1519 2500 civicis.
1540 2437 1654 2490 Palatini
1674 2451 1725 2488 coo
1750 2441 1822 2486 eruut
1848 2429 2013 2499 antiquarii,

314 2515 434 2567 electoris
453 2521 475 2577 ς.
494 2516 537 2568 ts.
553 2535 582 2586 p.
602 2536 637 2570 m.
656 2519 699 2572 bii.
721 2521 791 2573 llaec
809 2519 881 2575 basis
900 2523 1073 2578 bibliothecae
1093 2545 1136 2596 pu·
1188 2545 1237 2582 nec
1256 2528 1398 2591 militares,
1417 2543 1432 2577 e
1450 2524 1548 2593 pupulo
1565 2539 1637 2591 ergo.
1656 2521 1712 2570 lite
1730 2534 1792 2572 reru
1811 2515 1949 2586 populares
1970 2531 2029 2591 ast-l

315 2599 400 2652 biicae
419 2599 537 2664 Seianae,
553 2619 621 2672 qttac
639 2601 701 2656 teto
719 2617 752 2654 ex
771 2603 953 2659 muniitcentia
972 2607 1136 2678 principum,
1187 2631 1271 2667 nouae
1288 2608 1552 2683 quattdoquei'tebtut
1572 2597 1725 2663 catlttcseei
1736 2603 1828 2658 deberi
1841 2601 2010 2667 desinebant,

315 2683 464 2738 'Wlfflin
481 2685 641 2738 ⁰¹⁸¹'l¹⁰¹''¹m
663 2687 914 2753 ⁵⁸i⁸⁰l⁵³l⁰¹⁰i⁰fflr
932 2691 1081 2744 ²⁰⁰0¹⁵i⁰¹¹⁸
1099 2693 1139 2744 51¹·
1187 2710 1265 2770 etque
1282 2695 1339 2750 fisci
1360 2697 1461 2750 ritihus
1479 2693 1681 2748 vindicabuntur
1700 2690 1717 2742 i.
1738 2692 1763 2742 1.
1789 2705 1813 2741 c.
1839 2687 1876 2738 tit.
1903 2683 1937 2737 tie
1956 2702 2007 2738 nn·
2055 2717 2059 2728 ·

315 2766 504 2822 ttrttctissimse
522 2767 659 2832 Busianae,
678 2769 764 2838 iegato
784 2771 1140 2844 brumteaeatquesagitta·
1187 2785 1270 2838 „0052
1292 2781 1397 2843 piciclo,
1422 2797 1454 2832 aa
1482 2779 1524 2832 itis
1551 2777 1674 2831 salarium
1695 2771 1820 2825 statuitur
1837 2768 2005 2837 antiquariis.
2023 2749 2062 2804 ²⁸

315 2850 405 2906 tianae
424 2850 460 2901 ita
479 2851 571 2914 crevit,
591 2863 618 2905 nt
634 2853 793 2907 academicis
812 2857 922 2926 reliquis
937 2859 1051 2928 palmato
1066 2877 1137 2930 prae·
1186 2867 1316 2926 Tertium,
1334 2864 1401 2937 quusi
1421 2861 1578 2934 praescribit
1598 2860 1661 2912 haec
1678 2858 1730 2920 les,
1747 2865 1788 2909 est
1801 2854 1834 2906 de
1845 2851 2009 2916 custodibus,

264 2922 300 2973 Ὦ
316 2935 425 3005 ciperet.
439 2933 480 2987 ab
492 2932 716 3004 adquisitiouibos
731 2939 952 2995 bibliothecarum
971 2955 1046 3013 atque
1059 2953 1138 2996 traos·
1186 2943 1250 3023 quis
1269 2967 1301 3003 er
1319 2946 1545 3002 cuutiitiuuriibus
1564 2944 1632 2997 sumi
1654 2943 1727 3004 rult,
1747 2941 1801 2991 sice
1820 2938 1864 3000 iis,
1883 2937 1925 3005 qui
1940 2951 2006 2987 caa-

314 3015 464 3071 ¹¹¹l⁰¹¹lb¹¹⁸
480 3017 615 3087 imiimi
634 3018 667 3070 “¹
686 3021 836 3074 mulssim
856 3025 1087 3094 immistionum
1107 3025 1137 3078 in
1187 3035 1286 3088 alitione
1307 3049 1432 3103 personne
1451 3047 1513 3084 sure
1531 3037 1557 3082 et
1574 3023 1660 3081 cilicii
1681 3025 1851 3092 munerisque
1864 3020 1900 3074 its
1915 3019 2010 3073 tdstri-

315 3103 499 3172 componentia
518 3100 637 3172 quidem.
654 3103 812 3168 ordinando,
830 3107 978 3161 oroaudare
997 3107 1139 3164 bibliothe·
1187 3120 1221 3172 uti
1242 3127 1320 3181 sunt,
1339 3125 1368 3170 ut
1387 3111 1552 3176 conditioni,
1571 3112 1627 3162 sire
1644 3109 1787 3162 tormentis
1810 3117 1837 3160 et
1859 3103 2008 3175 uttaestioni

315 3205 354 3253 “r
371 3187 475 3257 millu?
494 3203 572 3257 qum
591 3188 707 3240 'nullst‘
720 3199 792 3242 “¹⁰¹
804 3189 929 3256 willemi
949 3191 983 3245 ii·
1002 3202 1033 3244 ttt
1050 3194 1140 3263 singu·
1188 3199 1282 3266 subjici
1303 3198 1416 3268 possint.
1436 3197 1467 3249 ln
1485 3190 1667 3264 componentia
1680 3189 1846 3244 bibliotheca
1862 3189 2009 3260 dispiclco·
2029 3183 2067 3236 29

80 3291 133 3308 ⁴*
315 3275 395 3326 iorem
417 3273 450 3324 da
475 3273 651 3326 bibliothecen
675 3275 828 3343 byzuntinae
855 3291 914 3329 cora
941 3278 1024 3347 legem
1050 3281 1142 3334 ederet
1187 3282 1268 3350 tium,
1286 3301 1319 3338 ao
1339 3283 1401 3336 iibri
1419 3283 1605 3349 cuiuscumque
1623 3277 1728 3347 generis
1755 3277 1784 3326 in
1811 3273 1931 3327 conten
1960 3276 2014 3328 siut

317 3359 416 3412 'iiim'
436 3359 581 3428 impilm
601 3356 635 3410 Π·
652 3373 674 3410 ⁰·
687 3357 738 3410 Th·
757 3355 790 3411 ‘¹⁶
806 3358 905 3412 'will’
923 3359 1078 3414 liberalibus
1098 3379 1141 3414 ⁰¹·
1189 3368 1351 3438 reponendi,
1370 3385 1403 3422 tn
1423 3366 1559 3427 damnati,
1577 3361 1724 3427 hoeretici,
1743 3360 1854 3430 magici,
1874 3359 1997 3411 obscoeni
2004 3395 2013 3422 ,

318 3444 485 3498 tristiumue.
507 3441 707 3513 Attiipuatics,
728 3442 832 3512 inquit,
847 3440 886 3494 ati
901 3443 1079 3498 bibliothecae
1096 3464 1140 3498 oo·
1187 3453 1330 3507 assimilia
1352 3453 1466 3523 panaria,
1484 3449 1616 3520 Ulpianus
1641 3447 1743 3510 libros,
1760 3462 1825 3516 quos
1852 3441 2017 3513 atlpellarnua

316 3529 387 3583 dicer
403 3525 614 3597 componendos,
633 3526 739 3590 aeluro
754 3537 885 3582 uetustate
898 3519 1141 3600 reparandosquo·
1189 3536 1336 3598 tltmnatos,
1355 3536 1453 3597 theos,
1474 3533 1574 3604 megico
1608 3541 1634 3585 et
1653 3531 1755 3584 similes
1774 3529 1819 3583 lib.
1839 3525 1907 3599 i.§.
1930 3531 1940 3579 1
1960 3526 2014 3597 sa·

315 3617 382 3662 tuot·
396 3623 510 3680 graecos
534 3619 561 3662 et
581 3619 636 3661 tres
659 3607 763 3661 letinae
786 3609 925 3664 scribendi
943 3611 1061 3682 peritos,
1089 3613 1144 3683 legi
1189 3635 1256 3675 mas,
1273 3619 1363 3675 aratu,
1390 3631 1462 3673 ,0021
1490 3618 1654 3688 improbust
1680 3615 1819 3678 tuitionis,
1845 3623 1923 3682 atqua
1948 3613 2012 3668 huet,

309 3693 456 3766 ponnus,
473 3692 568 3764 quitos
584 3691 618 3745 co
636 3691 746 3746 utnon
757 3694 938 3761 populositas
954 3698 964 3760 t
978 3705 1004 3747 et
1023 3693 1131 3764 insiste
1189 3706 1279 3760 ouon
1299 3705 1422 3774 prostans
1441 3719 1499 3755 asse
1517 3701 1712 3771 corrumpendo
1724 3697 1840 3752 tertiis.
1853 3696 1929 3749 Toto
1940 3705 2012 3761 sont,

319 3779 377 3832 nint
395 3777 523 3831 vitientur
537 3795 552 3828 e
567 3777 1142 3848 populo)competenteeimpertionturon·
1189 3806 1253 3860 quo,
1272 3797 1329 3841 aet.
1343 3786 1563 3858 apostulorum&
1583 3789 1719 3858 περίεργα.
1739 3782 1855 3836 reierout
1870 3781 2011 3853 capitit.
2039 3775 2075 3828 3⁰

320 3879 427 3916 nonoes
449 3861 488 3916 ati
502 3859 819 3936 ejusdem'bibiiot'itecoe
841 3864 992 3920 custodiant
1014 3864 1144 3920 conditio·
1190 3889 1257 3925 rere.
1281 3871 1326 3924 lii.
1351 3883 1428 3942 atque
1453 3870 1574 3924 comburi
1599 3867 1699 3936 iubent.
1726 3868 1823 3921 Simile
1844 3865 1872 3918 in
1901 3867 2014 3920 historia

320 3946 428 4000 mmm
444 3947 612 4014 “Wlm
629 3947 809 4017 ‘'liwmif'·
827 3949 891 4002 Tri·
916 3953 1077 4021 uflssttlb'ti
1095 3954 1144 4006 hcc
1188 3975 1297 4011 romane
1316 3956 1436 4010 sitiemus
1462 3957 1622 4026 exemplum.
1651 3951 1717 4004 Cum
1744 3953 1815 4004 enirn
1842 3965 1875 4002 ex
1893 3950 2014 4003 ethnicis

320 4029 376 4096 lege
395 4031 546 4100 imperatore
558 4030 703 4100 antiquarii
717 4041 870 4087 statuuntur
882 4043 981 4106 septem
998 4036 1030 4088 ati
1044 4035 1140 4093 biblio·
1189 4041 1298 4110 quidem
1325 4055 1490 4108 progressum
1514 4037 1674 4094 christianae
1699 4036 1836 4104 religionis
1862 4035 2012 4088 inridentes

321 4114 411 4168 titcoee
428 4115 529 4168 codices
547 4115 753 4185 componentes,
782 4118 822 4171 sel
847 4133 895 4189 pro
921 4129 1050 4176 retnstste
1075 4139 1144 4193 repa-
1191 4122 1300 4193 magieis
1319 4122 1420 4175 artibus
1440 4119 1557 4176 intusum
1583 4121 1652 4190 imp.
1677 4119 1812 4172 sciscitare
1838 4129 2014 4186 conarentur,

318 4201 431 4259 raudus.
450 4200 600 4270 etquidem
620 4201 759 4270 in'graeca
785 4204 910 4274 regione,
933 4206 1023 4276 plures
1041 4211 1143 4278 groeci,
1191 4225 1234 4260 res
1252 4223 1311 4260 sero
1328 4215 1461 4276 comperta
1479 4215 1566 4270 esset,
1584 4205 1701 4275 congesti
1721 4203 1858 4258 innumeri
1871 4204 1974 4260 codices
1986 4215 2015 4256 et

266 4271 398 4355 ²3quam
417 4285 502 4338 lutici.
519 4285 630 4356 Triplex
649 4289 722 4337 cuitu
740 4287 806 4340 orsio
823 4296 881 4341 erat
908 4305 1016 4353 coram,
1041 4293 1088 4360 qui
1108 4293 1145 4345 bi·
1191 4293 1276 4347 acersi
1295 4292 1458 4345 voluminum
1478 4289 1554 4344 multi
1574 4289 1623 4343 sub
1648 4299 1785 4359 conspectu
1809 4287 1928 4355 iudicum
1956 4305 2016 4342 eoo-

319 4369 465 4424 bliothccsc
482 4371 547 4422 oiim
565 4385 653 4422 euram
672 4371 806 4438 gerebant.
825 4371 909 4427 Erant
928 4383 1069 4442 curatores,
1092 4379 1146 4432 site
1191 4377 1300 4430 tremiti
1322 4375 1566 4429 continuimus
1591 4371 1766 4426 birrceliioos
1789 4371 1860 4426 libro
1885 4373 1929 4425 nt.
1953 4378 2014 4446 cap'.

320 4455 376 4523 ipsi
394 4453 568 4508 bibliothecae
591 4452 734 4522 preelecti:
752 4455 793 4508 uti
817 4454 851 4509 dc
875 4455 1050 4522 concitatio,
1067 4479 1143 4533 quesn
1194 4461 1237 4514 18.
1257 4463 1348 4516 Petrus
1368 4459 1497 4514 bercdius
1523 4475 1611 4513 serum
1630 4457 1806 4526 iodicstarnot
1826 4456 1895 4510 libro
1913 4458 1938 4509 8.
1957 4464 2012 4530 cop.

320 4537 486 4591 Thcmlti'ttts
503 4538 627 4592 orations
645 4537 719 4592 Xlll·
741 4539 884 4609 praedicat,
899 4544 968 4614 quod
980 4547 1082 4614 primus
1095 4547 1146 4618 By·
1193 4544 1237 4596 12
1257 4543 1307 4598 Sed
1328 4543 1360 4596 de
1379 4543 1489 4597 botheri
1507 4541 1601 4596 ardore
1619 4541 1684 4614 qnitl
1703 4542 1863 4604 dicentium,
1889 4543 1934 4613 qni
1953 4561 2012 4597 cunt
2033 4527 2068 4580 ³¹

319 4625 402 4678 cantii
420 4621 609 4676 bibliothecam
626 4621 777 4692 aperuerit,
799 4628 845 4678 aori
862 4629 951 4678 rurist
963 4631 1010 4698 pis
1027 4627 1146 4704 ἄρχονια
1194 4645 1261 4680 auno
1281 4627 1359 4680 tcto.
1377 4645 1425 4698 per
1442 4627 1542 4680 bullam
1563 4626 1681 4698 papalem
1702 4627 1810 4696 publice
1820 4637 1887 4680 esset
1899 4631 2013 4698 proscri-

270 4701 305 4753 ²l
321 4711 366 4760 ‘'¹⁸“
383 4709 420 4759 iai
438 4707 513 4780 iliw-
533 4705 634 4758 fl⁰i¹¹¹⁰
664 4717 717 4760 “³¹
740 4707 831 4771 (imnis
854 4707 994 4775 ordinato,
1016 4729 1097 4783 qosre
1120 4724 1147 4769 et
1194 4721 1263 4780 ptos,
1281 4723 1305 4766 et
1323 4711 1407 4780 ipsius
1424 4711 1489 4764 iibri
1508 4712 1607 4766 Romae
1625 4711 1739 4782 aliisque
1759 4711 1843 4782 belgii
1863 4721 1888 4764 ct
1901 4709 2014 4767 Germa·

322 4787 452 4859 ἆρχινθες
477 4787 560 4840 dicii·
587 4787 670 4842 Enni
695 4790 859 4858 tfliiqwiit
884 4811 996 4864 quorum
1025 4795 1146 4853 officium
1196 4795 1255 4849 nise
1271 4795 1422 4850 civitatibus
1438 4807 1525 4851 essem
1542 4794 1692 4858 combusti,
1717 4796 1774 4864 ipse
1797 4811 1900 4866 qnoque
1924 4810 2014 4865 rogum

325 4871 354 4924 ln
379 4887 410 4924 ⁸⁰
433 4873 591 4935 0011111111,
615 4882 646 4925 ut
677 4881 778 4928 retem
801 4875 904 4930 codices
933 4893 1146 4950 componerent,
1194 4879 1328 4949 ingentem
1347 4891 1526 4934 extremoros
1547 4879 1780 4947 Wittebergenses
1800 4881 1894 4942 extrui,
1912 4877 2014 4934 eidem-

326 4954 365 5006 tcl
390 4971 439 5023 pto
463 4962 590 5008 vctttstsic
608 4967 769 5024 repararent.
795 4958 905 5012 Scilicet
930 4979 989 5014 cum
1016 4979 1066 5032 pru
1091 4985 1147 5019 mo·
1192 4981 1244 5034 que
1261 4967 1290 5018 in
1311 4967 1452 5018 multorom
1471 4961 1764 5033 praesentiaderretom
1779 4962 2017 5027 Gratirni,deare-

324 5051 353 5088 ce
372 5035 427 5088 aeri
456 5035 591 5090 codicibus
616 5045 720 5092 uotum
746 5049 880 5095 uterentur
905 5059 984 5097 mano
1009 5050 1146 5110 carratis,
1194 5050 1261 5102 tries
1278 5045 1446 5119 pontificum,
1465 5049 1644 5103 Clementiam
1664 5059 1690 5102 et
1709 5059 1925 5118 ertmvagantes,
1953 5052 2016 5105 doio

325 5126 365 5173 ici
382 5117 416 5169 sti
442 5117 627 5174 describendos
651 5123 879 5193 cumponendosrc
903 5126 1006 5181 codices
1032 5133 1148 5200 require·
1195 5133 1293 5187 bullam
1313 5133 1407 5188 Leonis
1426 5135 1529 5204 imponi
1550 5133 1621 5196 iecit,
1641 5135 1782 5204 ignemque
1801 5136 1859 5205 ipse
1878 5136 2015 5204 subiecit,

324 5201 466 5255 1111111ῑὶ1
486 5205 531 5255 ¹¹¹5
550 5205 709 5262 bibliotheca
726 5211 815 5280 qualis
833 5212 974 5281 bysantius
999 5221 1066 5268 erat.
1086 5217 1146 5287 Quo
1195 5235 1258 5272 soce
1275 5237 1319 5272 sua
1340 5221 1521 5289 proclamans,
1540 5218 1603 5288 poia
1622 5219 1741 5272 turbasti
1758 5229 1878 5272 suncttun
1895 5219 2021 5284 Domini,

326 5301 406 5340 sensu
423 5297 450 5340 et
467 5287 517 5340 alii
535 5290 698 5359 antiquarios
717 5294 879 5348 describunt.
893 5295 1021 5351 Videmus
1033 5299 1099 5352 iilud
1119 5301 1147 5351 in
1196 5315 1306 5359 aeterno
1323 5303 1385 5372 igne
1401 5302 1577 5358 comburaris.
1596 5302 1673 5374 Quod
1694 5311 1795 5356 mutum
1809 5303 1910 5372 sugillat
1923 5304 2019 5359 blatra.

329 5369 475 5440 Augustino
491 5371 524 5425 de
541 5373 627 5426 verbis
642 5374 751 5428 Domini
771 5393 851 5431 nrm.
865 5378 958 5436 xttv.
970 5381 1147 5451 quemadmo-
1195 5385 1278 5456 boorg
1295 5387 1407 5442 histoire
1424 5387 1458 5441 tie
1477 5386 1683 5441 luthereniuae
1700 5405 1722 5440 s.
1743 5388 1789 5440 cs.
1808 5387 1859 5441 sot
1871 5388 1961 5460 ipsum
1974 5409 2018 5443 au·

327 5455 393 5509 ‘ium
411 5455 459 5524 iul
474 5457 543 5510 lidii
559 5458 671 5518 illem·
690 5459 719 5513 itt
738 5460 833 5515 codice
856 5461 955 5525 antima
979 5468 1078 5536 scripto
1087 5504 1096 5532 ,
1121 5476 1150 5519 et
1196 5467 1299 5523 dicmur
1317 5469 1459 5524 Lutlterutc
1481 5471 1529 5522 hec
1543 5465 1575 5524 de
1590 5489 1618 5524 re
1631 5471 1794 5540 loquentem.
1807 5471 1859 5524 liic
1873 5477 1944 5526 enim
1959 5489 2018 5526 eum

328 5555 387 5590 noa
405 5539 486 5592 aootr
500 5540 600 5608 tegere,
618 5538 716 5595 toodot
733 5547 890 5614 oattqoortt
911 5565 1040 5611 moron,
1065 5548 1148 5602 otnt-
1196 5565 1266 5608 tono
1285 5555 1319 5607 tl.
1338 5555 1388 5610 tot,
1400 5554 1457 5624 jen.
1465 5553 1526 5624 sot.
1547 5555 1608 5610 cst.
1629 5555 1741 5624 triginti
1757 5572 1789 5608 ex
1803 5555 1870 5622 juris
1883 5553 2017 5627 ponttflott

328 5641 395 5676 sans
412 5627 519 5696 opicuns
543 5623 778 5693 pulchritudinem.
803 5630 837 5681 tit
860 5629 929 5700 apud
955 5629 1096 5687 Siuodium
1116 5633 1150 5684 li·
1196 5635 1274 5690 libris
1292 5639 1436 5692 sententias
1455 5641 1601 5704 attulisset,
1619 5638 1655 5693 ob
1672 5654 1737 5710 quas
1763 5639 1882 5696 comburi
1903 5641 2016 5695 moritis-
