4346 6194
548 289 776 352 DlRECTORES
794 285 1026 347 ctuctttottttu
1043 282 1184 340 orrtctt
1205 285 1331 343 DUCUM
1349 303 1409 347 erc.

199 297 270 354 1005
1711 299 1781 358 tuttt

146 397 188 450 ael
202 413 249 467 per
264 393 408 450 directores
420 393 584 467 eapedtuut.
607 392 696 448 Verba
719 391 791 444 entur
816 389 961 444 declaratae
1012 401 1058 448 re,
1071 393 1098 438 et
1110 385 1162 438 alie
1175 384 1214 440 ria
1229 386 1280 439 sibi
1295 391 1436 442 consulere.
1451 389 1508 444 Huc
1525 407 1577 446 ooo
1599 390 1699 451 inritus
1716 398 1835 472 turgius,

145 485 219 552 pects
232 478 566 552 publiceedeennotlibi.
582 476 620 530 tit.
636 479 662 529 l.
675 477 750 529 Dess
761 471 805 526 tlte
816 473 961 526 reunion
1012 471 1141 538 inpectis
1160 471 1280 526 riclricis
1297 472 1410 527 arbitrio
1428 491 1498 538 esse,
1517 493 1548 528 en
1567 480 1746 536 executionem
1762 497 1833 556 pete·

145 564 195 618 ries
206 565 407 635 gesprorderren
425 563 521 620 llrslrol
533 558 674 616 «tumidis
687 559 728 610 10.
741 557 839 611 tteiolrs
853 553 963 624 Kreyu
1014 571 1052 617 rr.
1071 573 1105 608 stt
1126 555 1199 608 illan
1220 559 1352 628 negligere
1371 561 1444 626 edit,
1464 578 1511 614 noc
1527 579 1632 632 opertos
1653 583 1725 622 enam
1737 571 1834 624 uictori

143 650 292 719 gesedrlrrrr
316 648 387 714 soll,
407 649 517 702 clariora
536 656 615 706 eunt,
638 658 717 712 quam
743 651 771 693 nl
797 640 848 692 boc
873 637 962 706 negari
1014 637 1100 692 inrito
1117 639 1262 694 obtrudere
1280 659 1357 710 posse
1373 647 1532 698 circulorum
1551 647 1703 704 directores:
1726 663 1834 706 eotenus

146 733 248 802 possit.
267 734 327 785 lmo
344 732 429 786 selbun
448 735 476 784 iu
501 728 612 799 captiui.
636 725 751 792 leopold.
770 733 823 777 ort.
842 722 868 774 8.
890 721 964 774 circe
1012 722 1086 776 enim
1104 722 1214 776 omnino
1234 723 1261 777 in
1280 730 1337 792 ejus
1355 727 1469 782 arburio
1487 742 1542 796 est,
1562 749 1593 784 an
1612 735 1741 788 auxilinm
1760 738 1831 790 dire·

133 812 194 884 fiu-
216 816 360 886 imperator
378 816 515 888 promittit
533 815 583 884 bey
599 812 685 866 denen
705 807 797 862 ueniret
814 821 966 878 engesesse·
1013 819 1115 859 erorum
1135 807 1270 878 requirere
1287 813 1357 865 rrttr.
1378 813 1429 866 Sed
1449 815 1471 866 si
1491 817 1672 869 executionem
1686 818 1821 874 derideret

146 917 199 950 nen
216 899 468 970 Krasos-Stoendcn
491 898 535 953 die
558 887 716 963 Verscdurig
735 914 769 947 ιιι
793 893 881 956 edon,
900 891 964 942 dors
1015 893 1076 943 dieo
1096 894 1265 948 necessitatis
1283 913 1359 962 esee,
1379 909 1424 963 ut,
1444 899 1466 949 si
1485 901 1567 952 rietur
1597 914 1690 972 sponte
1709 922 1760 958 non
1787 862 1836 976 pri

144 980 539 1047 e'irrsenussr'stiretrserde,ubi
559 983 651 1035 iterum
671 995 720 1032 nec
738 977 832 1029 ducum
858 988 905 1026 nec
922 973 963 1024 di·
1014 977 1099 1027 ruerit
1118 982 1278 1045 renunties,
1298 981 1462 1036 directorum
1482 985 1609 1036 auailium
1630 990 1754 1057 requirat,
1781 1001 1834 1059 rut,

150 1077 281 1121 rectorum
300 1064 335 1119 fit
352 1069 459 1122 mentio.
480 1068 561 1130 Porro
579 1063 629 1134 ipsi
650 1063 727 1116 duces
745 1080 758 1112 ι
778 1058 886 1112 circulis
903 1073 963 1110 eon·
1014 1061 1037 1110 si
1057 1061 1146 1114 studio
1163 1061 1191 1112 id
1209 1060 1298 1117 iecere
1316 1067 1454 1137 negligat,
1479 1077 1503 1120 et
1530 1069 1643 1122 arbitrio
1669 1086 1716 1124 suo
1741 1085 1834 1126 contra

145 1151 292 1204 stituuutor
310 1150 337 1204 d.
349 1152 481 1206 declaret.
493 1153 526 1204 de
538 1169 616 1206 enno
632 1149 711 1202 tutu.
730 1153 753 1211 ς.
771 1147 797 1198 ³.
820 1154 846 1198 et
871 1157 964 1198 recess.
1012 1141 1133 1196 ordinem
1153 1147 1239 1215 logum
1260 1148 1401 1219 indulgeat,
1421 1152 1500 1204 altum
1519 1154 1665 1222 exequendi
1688 1157 1755 1208 riam
1785 1157 1834 1208 eli·

146 1235 245 1304 imper.
258 1237 290 1290 de
301 1253 375 1289 nnno
392 1235 472 1289 1555.
485 1247 512 1289 ot
524 1236 568 1287 'lb
581 1247 607 1288 ιι
619 1234 652 1287 sb
665 1234 708 1284 bie
726 1227 847 1286 mandata
865 1243 910 1279 sua
923 1241 965 1280 ac·
1014 1227 1109 1294 gendo,
1128 1239 1198 1282 rente
1216 1247 1244 1283 so
1263 1230 1326 1282 bule
1345 1233 1434 1300 ruodo,
1454 1247 1586 1304 tamquam
1607 1233 1708 1304 legibus
1726 1239 1836 1308 imperii

143 1321 253 1392 cipiunt·
272 1322 297 1376 d.
311 1340 362 1375 rec.
375 1321 442 1388 imp.
455 1323 481 1374 d,
493 1341 541 1378 on.
557 1321 637 1374 1555.
648 1321 670 1386 ς.
682 1319 725 1372 59.
744 1317 801 1368 lmo
813 1327 836 1369 et
848 1313 963 1367 renotari
1017 1322 1043 1363 et
1061 1313 1164 1379 juribus
1183 1317 1239 1367 suis
1253 1318 1431 1385 repugnanti,
1449 1330 1587 1388 opponunt
1615 1322 1772 1374 circulorum
1792 1325 1835 1376 di·

145 1407 194 1461 boo
213 1409 367 1462 mandatum
386 1408 419 1461 ab
445 1409 513 1480 ipsis
533 1415 641 1480 potest,
661 1417 735 1478 prout
758 1404 858 1457 circulo
880 1401 965 1454 eotrts
1016 1405 1140 1463 rectores,
1159 1399 1204 1468 qui
1226 1399 1397 1452 lucratione
1417 1420 1469 1454 uon
1490 1405 1560 1471 perti
1581 1404 1662 1457 rietue
1681 1405 1778 1474 iurent,
1790 1421 1836 1462 sut

144 1491 310 1548 murmurium
330 1493 418 1546 tunic.
437 1493 466 1546 d.
480 1509 502 1545 r.
516 1499 537 1556 ς,
552 1491 646 1546 Nedon
664 1487 725 1546 dom
744 1488 788 1542 il.
806 1485 875 1554 Ergo
887 1485 967 1536 duces
1016 1483 1200 1534 executionem
1221 1482 1367 1536 sententiae
1392 1483 1529 1538 declinere
1552 1491 1683 1556 cupiunt,
1711 1493 1781 1554 sect,
1809 1503 1836 1548 ur

145 1589 233 1628 resera
252 1574 410 1628 mandatarii
428 1575 587 1628 circulorum
607 1584 678 1636 sunt,
696 1571 791 1642 quibus
806 1585 894 1624 carere
908 1585 964 1638 pos·
1014 1567 1105 1618 emnia
1117 1566 1242 1620 decenter
1256 1569 1284 1619 in
1303 1567 1416 1638 imperio
1428 1586 1462 1621 cx
1475 1570 1561 1638 legum
1577 1575 1741 1644 publicarum
1756 1597 1832 1649 prse-

144 1667 208 1710 sunl
225 1658 331 1724 circuli,
350 1657 372 1710 ei
393 1658 456 1728 ipsi,
474 1660 520 1727 qui
541 1657 687 1712 directorio
705 1665 842 1726 praeeunt,
868 1651 919 1704 boc
935 1670 964 1702 o·
1017 1651 1117 1722 scripto
1135 1645 1584 1725 flant,eapetrrut,etqundposit.
1606 1661 1631 1712 t.
1648 1666 1772 1730 superins
1791 1668 1835 1719 de·
1917 1653 1921 1660 '

145 1755 195 1794 unt
214 1741 241 1793 iu
261 1757 288 1793 so
305 1742 442 1812 suscipere
462 1743 566 1796 veiint.
584 1741 637 1796 set
664 1739 825 1802 concedam,
851 1733 965 1789 ducibus
1016 1733 1216 1802 innumero
1231 1737 1717 1808 jurotegtuuequaesitodeteurtuuc

146 1823 303 1878 circulorum
326 1826 441 1894 primam
462 1827 608 1896 exequendi
630 1843 717 1880 crrrrrn
737 1821 906 1876 commissam
927 1815 966 1869 lu·

144 1907 214 1973 isse,
233 1925 332 1961 numne
350 1925 392 1961 ree
409 1907 474 1962 brec
499 1925 532 1962 ex
555 1909 764 1982 entiquioribus,
789 1921 851 1958 num
872 1918 964 1956 recen·
1283 1869 1305 1924 c
1326 1873 1344 1924 Δ
1366 1871 1386 1924 P
1405 1875 1428 1926 U
1447 1873 1471 1926 Τ
1507 1875 1568 1928 vll·

147 1993 261 2045 rioribus
286 1993 392 2062 imperii
419 1991 522 2064 legibus
546 1991 713 2047 decidenda?
742 1991 849 2042 Dictum
873 2000 911 2040 est
936 1985 965 2038 in
1039 1988 1196 2044 Dereoeorer
1207 1987 1369 2044 circulorum
1384 1991 1588 2064 wierbducurn
1599 1993 1809 2064 desertoeorum

143 2077 378 2148 pruelimlnaribus
405 2080 487 2144 posit.
505 2079 531 2131 5.
556 2077 663 2132 modum
690 2075 836 2145 esequendi
863 2071 966 2144 publica
1187 2055 1665 2148 subeunt,sinoexsenenpnteslote.

143 2162 255 2232 imperii
273 2162 446 2214 consentione
467 2157 608 2215 definitum
629 2178 693 2215 osse.
713 2160 745 2212 dt
764 2176 826 2212 sero
845 2159 872 2208 in
899 2156 966 2222 illis,
1018 2195 1021 2201 .

142 2261 209 2315 quae
227 2259 259 2296 ιι
278 2246 452 2298 concentione
471 2245 511 2297 rel
529 2257 605 2315 pacto
620 2241 841 2316 dependent,non
862 2241 894 2292 ad
919 2256 965 2291 au·
1020 2192 1223 2318 [direptoribus
1240 2240 1395 2295 circulorum
1416 2243 1444 2294 tn
1471 2240 1575 2296 defruto
1593 2243 1667 2298 «tout,
1686 2252 1833 2318 „quemn

143 2329 368 2399 tiquiore,seded
383 2329 525 2382 norissima
540 2328 734 2398 respiciendum
752 2343 809 2378 esso
822 2331 964 2376 constater
1015 2324 1165 2381 laenitatem
1186 2327 1266 2380 bodie
1283 2337 1431 2398 competere
1456 2345 1536 2396 nego,
1555 2340 1579 2381 ιι
1602 2345 1633 2380 ιι
1659 2348 1753 2384 recess.
1770 2335 1836 2404 imp.

142 2413 160 2466 t.
171 2423 248 2479 poeto
262 2413 407 2464 noor'rsr'rnu
420 2413 463 2464 te.
476 2430 499 2464 c.
511 2413 543 2465 de
555 2421 626 2476 poet.
638 2409 704 2480 quod
723 2408 792 2460 idem
806 2421 909 2476 quoque
934 2403 962 2456 itt
1015 2411 1112 2464 nortis.
1132 2419 1155 2475 ς.
1170 2415 1213 2466 15.
1232 2413 1277 2466 85.
1294 2423 1321 2466 ιι
1340 2415 1400 2464 150.
1420 2415 1581 2467 coutentium
1600 2429 1731 2469 ostensum
1750 2431 1788 2472 ιιι
1808 2422 1835 2496 s

142 2496 377 2552 constitutionibus
392 2495 573 2565 imperarortts
596 2493 785 2550 observandum
808 2511 863 2548 esse
887 2493 915 2544 in
940 2513 965 2545 a·
1011 2499 1133 2564 praeced.
1151 2497 1248 2552 llesoio
1265 2511 1367 2562 srttcur,
1381 2515 1440 2550 cum
1459 2517 1510 2568 quo
1530 2505 1661 2568 negotium
1675 2504 1707 2557 sit
1720 2519 1836 2572 ructon,

143 2576 464 2654 prlcoost,eal.fin.ff.
477 2581 631 2633 deoonstr's.
648 2579 736 2650 princ.
756 2578 831 2649 Quod
858 2577 880 2629 si
909 2579 962 2645 iem
987 2567 990 2590 '
1013 2585 1117 2653 quando
1136 2585 1219 2638 dicit:
1235 2593 1392 2649 potestatem
1405 2583 1478 2638 ducis
1492 2582 1667 2640 directoribus
1684 2606 1744 2642 rtem
1758 2602 1836 2648 tuneo

140 2667 229 2718 ocrrlne
242 2673 377 2716 convertar
387 2663 419 2715 sd
436 2665 608 2716 novissimum
624 2664 732 2734 imperii
745 2664 827 2730 legem
853 2673 877 2713 et
898 2675 960 2711 tou·
1012 2670 1171 2720 extensione
1190 2686 1245 2720 uosr
1273 2666 1432 2730 sccreebre.
1452 2668 1533 2736 quusi
1553 2673 1751 2727 sententiarum
1769 2694 1833 2728 ece-

140 2749 303 2812 rentionem,
323 2749 424 2800 scilicet
443 2747 643 2813 instrument.
657 2755 709 2800 ort.
726 2747 771 2798 15.
782 2743 918 2814 oppetebil
932 2741 963 2792 ll·
1012 2753 1150 2804 rutrbnenr
1175 2751 1318 2816 impedire,
1339 2751 1387 2803 uel
1406 2751 1491 2818 pinne
1508 2753 1628 2806 irritam·
1643 2755 1755 2811 rediere
1772 2763 1835 2828 rprr's

142 2833 205 2896 lico,
217 2833 292 2901 plene
306 2830 405 2901 sequeli
418 2831 475 2898 jure
489 2831 639 2899 exequendi
662 2828 810 2884 lecultsteut
826 2827 882 2880 llll!
898 2843 960 2882 ⁰⁰⁸·
1012 2834 1145 2904 integrum
1164 2847 1242 2890 esset:
1257 2834 1353 2886 nullibi
1374 2837 1445 2886 euim
1466 2834 1532 2888 banc
1551 2849 1709 2905 potestrtem
1731 2841 1780 2893 sibi
1797 2863 1837 2894 as·

142 2930 240 2966 cessam
253 2915 377 2979 esseeite
392 2915 462 2964 enim
477 2913 555 2966 serua
567 2929 595 2965 eo
607 2913 712 2966 tauron
724 2909 891 2986 injungendo
906 2919 964 2960 lum
1015 2921 1130 2970 seruisse
1155 2920 1316 2972 circulorum
1344 2919 1488 2972 directores
1511 2933 1596 2972 certus
1624 2939 1700 2974 sttrn:
1719 2927 1763 2978 scd
1782 2930 1834 2980 ulia

140 2997 333 3062 directoribus,
352 2996 594 3051 nuescirrer'deudeu
604 2997 738 3060 ferrern,
758 2991 963 3066 quantumst·
1013 3004 1123 3055 oumioo
1140 3003 1317 3057 controversie
1336 3015 1395 3066 est,
1416 3019 1447 3053 an
1467 3006 1649 3057 executionem
1670 3008 1745 3062 aliter
1765 3021 1787 3064 et
1807 3014 1834 3065 iu

141 3081 316 3138 ctisrrrr'litiue
336 3079 803 3150 circumtulimus-olerum,ur
822 3076 859 3129 nd
875 3073 963 3142 regul·
1013 3087 1200 3155 praejudicium
1230 3087 1322 3140 circuli
1348 3087 1512 3152 institutam,
1532 3089 1681 3160 impedire,
1699 3061 1728 3146 ci
1751 3113 1778 3146 se
1804 3099 1832 3150 ἰη

141 3169 267 3222 sirionem
282 3168 515 3228 restituendorum,
522 3167 612 3238 justu
633 3165 842 3220 ordinationem
865 3175 962 3214 esecu-
1012 3162 1070 3236 jur'e
1089 3187 1134 3222 suo
1155 3171 1219 3224 tueri
1234 3167 1358 3244 possint?
1372 3171 1428 3220 lloc
1442 3172 1513 3224 enim
1530 3173 1594 3240 ipsis
1615 3177 1680 3227 ritio
1700 3181 1765 3228 certi
1780 3199 1832 3234 ooo

142 3251 226 3304 tionis
238 3261 263 3301 et
273 3251 335 3305 iruec
347 3263 436 3322 puoto,
452 3249 649 3302 restitutionem
663 3249 721 3322 ejus
738 3254 917 3314 promoveant
935 3250 962 3295 et
1013 3269 1087 3322 pom
1105 3272 1162 3323 cap,
1180 3251 1304 3322 praeced.
1333 3256 1386 3322 jam
1407 3255 1613 3307 demonstretum
1633 3271 1682 3310 est.
1702 3261 1758 3314 loro
1789 3283 1836 3318 neo

138 3337 294 3407 perficiunt.
308 3339 336 3390 Si
352 3335 454 3389 reroad
469 3351 562 3391 recess.
577 3332 863 3401 immurmurent.
878 3345 962 3383 rccus-
1013 3354 1079 3406 opu·
1096 3341 1162 3403 erte,
1182 3349 1209 3390 ur
1229 3337 1348 3391 ‘reontio
1373 3353 1461 3390 eontra
1481 3337 1590 3390 loturam
1617 3341 1701 3408 legum
1723 3344 1832 3413 imperii

144 3438 195 3488 ras,
207 3441 258 3492 quo
271 3425 398 3476 recentior
409 3423 452 3474 lea
465 3421 573 3492 imperii
593 3421 699 3490 publice
724 3419 883 3490 promulgsta
910 3432 962 3467 nou
1013 3431 1150 3490 suscepta,
1169 3421 1244 3475 irritu
1265 3421 1402 3484 reddetur,
1422 3440 1480 3475 cerm
1502 3422 1546 3474 illr
1565 3426 1622 3494 ipso
1640 3425 1695 3490 jure
1715 3430 1784 3480 nulla
1801 3432 1838 3481 sit

143 3507 226 3574 datur,
238 3507 371 3578 apparebit
385 3523 417 3561 ex
434 3508 490 3574 ejus
511 3513 532 3570 ς.
547 3505 590 3557 15.
616 3503 794 3556 execrrtionern
815 3501 962 3554 irciendrm

142 3606 200 3644 orso
219 3607 265 3661 per
284 3593 425 3643 directores
445 3591 615 3648 circulorum,
635 3587 716 3640 durrlr
742 3583 786 3639 die
811 3584 961 3639 nusscdrei·

145 3677 371 3738 bendeFilrsten,
395 3674 488 3726 ducum
511 3671 676 3727 circularium
697 3673 765 3723 nulla
780 3671 913 3724 mentione
927 3668 962 3720 irt-
986 3665 989 3683 ¹

1013 3523 1043 3559 eo
1062 3509 1147 3560 irritu.
1168 3507 1185 3558 l.
1205 3525 1260 3560 non
1280 3507 1388 3561 drittun
1407 3507 1432 3559 5.
1451 3524 1473 3560 ι.
1494 3507 1573 3560 dett.
1598 3511 1673 3580 Quod
1694 3527 1773 3580 porro
1791 3531 1834 3564 ur-

1011 3601 1068 3658 get,
1089 3588 1265 3644 directoribus
1285 3589 1367 3642 ricem
1388 3590 1462 3642 ducis
1487 3593 1640 3659 gerentibus
1661 3595 1834 3662 incumbere,

1012 3685 1042 3727 ut
1060 3675 1099 3729 ud
1115 3674 1301 3728 executionem
1313 3675 1511 3728 sententiarum
1525 3675 1744 3739 promovendum
1764 3700 1829 3734 con·

144 3773 202 3816 ctu·
223 3763 294 3813 ldem
315 3760 451 3830 repetitum
471 3759 501 3809 in
513 3759 533 3825 §.
547 3775 577 3812 su
592 3756 645 3826 offl
663 3759 732 3812 auci
754 3757 796 3808 85.
819 3754 843 3807 d.
867 3769 962 3807 recess.
985 3779 989 3816 t
1003 3761 1156 3830 fircntur,
1174 3777 1246 3830 qrme
1265 3779 1283 3812 n
1301 3759 1368 3812 duce
1386 3759 1553 3825 praestanda
1576 3769 1682 3824 essent,
1700 3762 1748 3812 boc
1769 3761 1835 3818 iutro

144 3847 212 3900 rut.
226 3847 271 3900 Do
284 3845 486 3913 rodemundus
501 3843 560 3895 dens
575 3842 658 3894 lirici
671 3843 741 3894 odne
765 3837 853 3892 muel
870 3851 962 3892 rrnser·

145 3927 270 4000 worffen,
285 3925 398 3997 betriffl,
410 3925 463 3980 soll
475 3925 518 3979 ute
530 3925 674 3979 execution
687 3923 746 3976 dem
764 3921 961 3974 uusscirreibeu·

145 4014 195 4066 den
211 4013 330 4064 Fdrsten
345 4009 460 4079 seldigen
481 4007 600 4078 [myses
623 4005 814 4076 ouffgetrngen
834 4003 962 4056 werden.

145 4099 226 4152 Porro
239 4101 267 4150 s'n
280 4096 339 4149 eod.
353 4112 446 4148 recess.
456 4095 478 4159 ς.
493 4093 554 4144 150.
567 4089 611 4143 nbi
633 4093 658 4142 io
680 4093 766 4160 specie
784 4087 817 4140 de
834 4087 963 4141 earcotio.

144 4187 379 4238 tresenteutiarum
404 4177 573 4247 disponitur,
601 4175 696 4228 ‹tturte
723 4175 758 4228 itu
784 4183 904 4225 cor-etune
926 4170 964 4224 Bt

143 4269 199 4322 soll
209 4267 250 4320 die
267 4267 421 4318 Esccutinn
436 4264 481 4316 des
493 4261 622 4332 Kreyses,
636 4261 665 4313 in
677 4261 737 4314 dens
752 4259 793 4312 Er
802 4273 923 4327 gesessen
934 4273 962 4306 n·

144 4357 194 4409 der
212 4353 340 4418 begiitert,
367 4347 607 4403 nussclireibenden
633 4345 749 4398 Fitrsten
774 4341 961 4412 nuffgerrogen

145 4429 377 4502 undnnbesuirlen
392 4431 504 4488 werden.
525 4432 597 4501 Quae
616 4431 662 4484 tria
682 4445 797 4482 recessus
823 4424 961 4478 notissimi

145 4521 201 4572 loca
220 4517 283 4570 adeo
300 4515 431 4568 eridentir
451 4523 533 4578 suut,
553 4523 580 4564 ut
606 4515 686 4564 ducos
709 4509 867 4564 circulorum
896 4507 962 4578 ipsis

145 4601 319 4655 dtreeeortbus
339 4599 365 4651 in
385 4583 538 4668 exequendo
551 4597 662 4667 amplius
675 4595 808 4664 preeierri
822 4601 960 4664 nequeant,

146 4701 204 4736 cum
221 4699 252 4736 ex
266 4683 366 4734 ultimis
382 4679 488 4750 iruperii
502 4679 603 4750 legibue
620 4689 646 4730 et
671 4677 904 4738 conventionibus,
924 4677 961 4728 uti

146 4775 221 4820 antes
235 4765 343 4828 dictum,
357 4781 397 4817 res
410 4763 585 4828 aestimanda,
598 4775 620 4816 ιι
639 4763 804 4833 antiquiores
829 4761 894 4814 indo
919 4774 961 4812 re·

147 4850 321 4920 stringendae.

183 4934 348 5003 Quapropter
360 4949 411 4986 nnn
432 4947 563 4984 necessum
582 4939 633 4994 ιιι,
652 4939 679 4980 ut
698 4929 731 4981 do
760 4929 897 4981 distinctis
915 4927 962 4980 du·

147 5037 205 5072 euru
225 5015 255 5068 nd
281 5017 439 5068 directorum
465 5012 563 5068 ciliciis
590 5025 828 5068 corttrorertsmns.
852 5011 960 5066 srrtttetc

144 5121 196 5174 pet·
225 5103 302 5156 t'ttstr.
325 5101 542 5170 parietinisque
572 5101 713 5168 aeqrrssitee
739 5099 886 5170 exequendi
919 5102 961 5166 jus

144 5189 301 5257 «quaesitum.
321 5187 377 5238 lruo
396 5182 507 5248 suflicit,
527 5186 623 5238 ultimo
636 5187 726 5252 imper.
738 5200 831 5238 recess.
845 5184 909 5236 solis
922 5183 960 5232 ot·

145 5273 288 5324 rectoribus
301 5273 358 5322 sine
372 5271 422 5322 ullu
447 5285 573 5323 norrcursu
598 5271 691 5322 discum
718 5271 884 5321 circularium
904 5283 961 5320 exe·

142 5357 241 5426 queudi
258 5364 408 5426 potestatem
431 5353 524 5408 inctrrn
546 5371 611 5408 esse.
629 5354 705 5425 Quod
725 5371 804 5424 porro
824 5353 958 5422 subiungit

142 5452 239 5500 auctor,
261 5443 342 5508 pertis
361 5441 477 5492 victricis
495 5441 613 5491 arbitrio
632 5442 753 5492 relictum
772 5453 848 5498 esse,
868 5457 900 5491 au
920 5439 958 5490 di·

144 5535 273 5578 rrrturum
292 5526 420 5578 rusilium
441 5525 468 5576 in
481 5525 631 5593 exequendo
650 5527 784 5592 requirere
808 5524 868 5577 relit
883 5545 890 5586 ς
905 5545 956 5576 rur·

1014 3844 1110 3896 nititur
1128 3841 1278 3912 supposito,
1296 3841 1369 3910 qnasi
1390 3839 1534 3892 directores
1555 3843 1582 3891 io
1601 3845 1769 3912 exequendis
1780 3863 1836 3898 sen·

1014 3927 1104 3979 tentiis
1130 3927 1223 3978 ducum
1249 3925 1340 3976 ricerii
1368 3933 1471 3984 essent,
1492 3924 1531 3975 rel
1556 3925 1624 3994 quod
1644 3927 1753 3979 ducibus
1771 3949 1837 4001 pure

1013 4010 1188 4062 directoribus
1215 4009 1361 4078 exequendi
1388 4006 1495 4059 lucullos
1521 4008 1555 4059 eit
1580 4008 1652 4062 eluto:
1679 4015 1837 4068 oorrtrrrirrm

1014 4095 1084 4144 enim
1104 4093 1214 4144 oriolum
1234 4105 1271 4144 est
1290 4109 1321 4144 ιι
1340 4108 1434 4143 secere.
1458 4091 1563 4145 noviss.
1582 4091 1610 4143 in
1635 4101 1691 4162 cop.
1709 4099 1836 4164 praeced.

1014 4179 1037 4230 ri
1064 4179 1136 4242 crtjus
1161 4179 1202 4245 jue
1228 4173 1374 4244 exequendi
1403 4173 1485 4243 quoad
1516 4175 1660 4250 dtrpctores
1679 4194 1730 4229 uon
1748 4180 1833 4233 elieua

1013 4263 1125 4330 amplius
1144 4261 1240 4312 messis
1260 4271 1315 4325 est,
1335 4260 1460 4326 inquom
1485 4255 1578 4308 isicem
1600 4259 1767 4320 immittant.
1789 4265 1834 4315 sed

1013 4347 1134 4417 propria.
1154 4357 1179 4399 nt
1197 4344 1263 4396 ltine
1283 4343 1317 4394 its
1335 4343 1461 4404 liberum,
1474 4359 1506 4394 au
1526 4341 1576 4412 ipsi
1599 4342 1670 4394 illurn
1690 4345 1832 4414 expedire,

1012 4449 1044 4482 ao
1065 4430 1155 4482 ducem
1176 4427 1268 4480 circuli
1289 4425 1418 4477 ediribere
1437 4423 1526 4478 reliut.
1545 4425 1714 4494 Quapropter
1732 4431 1835 4498 egregie

1012 4516 1110 4569 fallitur
1128 4525 1226 4574 auctor,
1236 4513 1298 4563 dum
1318 4521 1419 4563 ueteres
1431 4507 1537 4578 imperii
1551 4509 1754 4562 constitutiones
1773 4527 1832 4566 curn

1014 4603 1167 4658 nortrstmtr
1187 4597 1342 4661 confundit,
1356 4609 1379 4649 et
1400 4597 1461 4650 solis
1480 4593 1589 4649 ducibus
1608 4593 1753 4648 isrulteteur
1773 4613 1833 4649 exc·

1012 4689 1110 4759 quendi
1131 4685 1285 4738 immedirte
1297 4682 1401 4744 daturo,
1416 4681 1563 4730 directores
1581 4689 1668 4730 autem
1688 4681 1715 4731 in
1736 4679 1836 4734 delectu

1013 4775 1086 4827 ducis
1105 4772 1178 4825 illam
1199 4785 1319 4822 crescere
1337 4764 1479 4818 contendit.
1493 4765 1619 4834 Equidem
1641 4765 1765 4818 resistere
1782 4765 1834 4818 ribi

1012 4856 1081 4910 ridet
1095 4865 1182 4907 ructor
1195 4853 1296 4904 noviss.
1310 4851 1375 4916 imp.
1389 4865 1478 4900 recres.
1493 4847 1555 4898 hinc
1571 4857 1598 4898 ut
1619 4847 1711 4899 drumm
1733 4851 1759 4900 in
1775 4864 1834 4901 exe·

1012 4939 1114 5011 queudo
1133 4937 1339 5009 proerogrtirrm
1362 4951 1423 5002 pree
1443 4931 1620 4986 directoribus
1637 4934 1755 4994 evincet,
1768 4931 1798 4984 in
1812 4940 1833 4994 ς.

1014 5025 1074 5078 tte.
1093 5025 1120 5077 d.
1138 5037 1232 5075 recess.
1251 5019 1411 5089 praesidium
1435 5017 1545 5086 quaerit.
1558 5019 1655 5070 Verum
1676 5027 1763 5067 textus
1781 5032 1834 5068 rer·

1013 5111 1045 5162 bs
1065 5107 1214 5177 inspicienti
1235 5101 1368 5172 apprrrbit
1391 5101 1545 5160 illico,non
1564 5116 1649 5152 actum
1670 5100 1707 5150 ibi
1727 5119 1785 5154 cese
1802 5103 1835 5155 de

1011 5191 1172 5263 exequendis
1193 5187 1345 5246 sententiis,
1365 5183 1409 5236 sed
1429 5185 1461 5236 de
1479 5185 1635 5236 executione
1659 5184 1729 5252 pacis
1749 5185 1834 5255 publi·

1011 5293 1056 5328 ιιι
1079 5287 1165 5328 contra
1190 5276 1247 5338 ciue
1273 5271 1429 5329 riolatores,
1449 5279 1472 5322 cl
1490 5269 1517 5320 in
1542 5269 1610 5318 bunc
1634 5263 1713 5319 fiuent
1732 5271 1832 5321 consti·

1012 5361 1121 5414 tuendos
1139 5376 1195 5411 esse
1214 5357 1292 5408 dures
1310 5355 1466 5408 circrtloruur
1479 5389 1486 5412 ,
1499 5361 1524 5402 ut
1546 5351 1585 5404 illi
1606 5360 1696 5406 contre
1715 5355 1768 5406 rim
1789 5369 1831 5403 ιι-

1012 5459 1110 5501 ternam
1131 5441 1237 5496 circulis
1257 5441 1441 5492 imminentem
1461 5437 1534 5490 illico
1552 5451 1714 5500 succurrere,
1729 5447 1755 5487 et
1772 5437 1828 5488 rim

1009 5531 1032 5583 ri
1052 5531 1175 5599 repellere
1194 5525 1305 5577 rslrant.
1323 5527 1422 5575 Verum
1437 5521 1498 5574 boec
1512 5521 1543 5574 ed
1563 5523 1745 5574 erecrrttonem
1766 5537 1827 5572 sen·

141 5613 165 5663 Ιι
177 5631 207 5664 eo
218 5609 378 5674 extenditur,
390 5611 464 5681 quusi
481 5609 509 5661 in
523 5608 634 5664 arbitrio
646 5609 832 5670 rictorisesset‚
845 5611 952 5665 modurn
1007 5615 1164 5677 irretierunt,
1178 5611 1210 5663 de
1222 5629 1270 5680 qur
1290 5615 1311 5674 §.
1331 5609 1394 5661 108.
1410 5617 1511 5670 ectum,
1525 5609 1599 5678 plene
1613 5625 1665 5660 non
1682 5605 1825 5674 quadrant.

116 5719 120 5726 -
140 5694 285 5768 esequendi
300 5713 348 5766 per
360 5697 498 5752 directores
512 5695 550 5750 rel
565 5694 642 5750 duces
654 5695 809 5750 circulorum
832 5697 950 5770 neglige·
1010 5701 1079 5754 ntor
1098 5697 1195 5753 trustra
1214 5703 1334 5766 provocat
1352 5693 1384 5747 ad
1404 5710 1498 5755 secere.
1518 5689 1724 5765 superenne
1745 5691 1824 5743 1555.
