4346 6194
657 313 706 366 titt
724 309 852 368 OPERIS
871 309 1024 369 UXORUM
1043 305 1336 383 custoditurus,

152 417 250 472 martti
276 409 396 467 cilicium
423 417 576 476 serssutnr,
602 417 628 462 et
653 405 806 461 artificiales
834 418 907 473 suot,
928 409 973 462 sed

152 508 286 568 quatenus
312 499 400 550 mariti
428 511 554 567 persuuae
581 510 613 546 ex
638 493 799 563 obligatione
826 509 885 560 erga
914 509 973 546 eum

150 587 337 652 praestantur,
364 598 378 632 a
405 577 503 649 potiori
528 575 645 630 facienda
665 587 704 628 est
732 575 926 642 denominatio,
947 585 975 628 ut

149 664 221 718 adeo
239 657 368 715 officiales
386 661 516 715 dicendae
533 661 680 714 rideantur·
700 659 740 711 ab
759 660 802 712 lais
820 660 913 714 Zasius
931 660 974 713 cit.

153 748 174 800 l.
194 765 226 800 n.
247 747 293 799 lii.
312 746 452 816 distinguit
471 744 578 798 sensiles
595 759 703 813 operas,
720 760 772 812 qno
796 741 876 795 refert
894 744 975 796 sordi·

152 830 250 895 diora,
263 841 297 894 „et
313 831 407 883 viliora
426 830 547 890 seruitia,
565 837 592 880 et
611 827 773 890 ministeria,
793 835 822 879 ut
839 842 896 882 essa
913 845 972 895 aga·

148 931 269 977 sunem,
288 915 451 978 motionem,
469 914 602 980 aurigam,
626 911 794 982 opillinoem,
817 913 973 976 bulsulcum,

144 998 332 1063 saltuarium,
356 998 532 1065 armigerum,
559 993 725 1066 dapiferum,
750 1013 848 1058 cocum,
870 1000 974 1066 pincer-

150 1093 236 1144 nam,
259 1082 413 1146 carissima,
427 1098 529 1135 terrere
547 1080 668 1146 domum,
681 1100 765 1136 aream
775 1119 782 1146 ‚
794 1085 903 1160 plateas,
915 1101 975 1153 ope-

150 1166 208 1219 rari
223 1165 262 1218 'ist
282 1163 450 1230 molendino,
469 1166 525 1218 ruri
545 1169 694 1234 macerari,
712 1169 820 1222 bannire
838 1169 974 1240 aquamfu-

153 1247 237 1316 dere,
259 1249 331 1318 liqna
349 1265 453 1315 secare,
471 1250 544 1304 etad
563 1250 676 1304 culinam
695 1259 722 1304 et
739 1251 858 1306 fornaces
874 1251 974 1324 perfer·

153 1349 187 1386 re
195 1347 209 1396 ‚¹
223 1335 349 1402 colligere
372 1346 484 1402 segetes,
504 1334 649 1388 censebere
675 1334 705 1386 in
729 1335 836 1399 borres,
853 1335 925 1405 ligna
942 1352 974 1388 ιι

158 1419 243 1488 aylais
260 1435 319 1471 cnm
340 1418 414 1488 equis
442 1415 535 1471 aelaere
552 1430 602 1472 etc.
622 1421 721 1471 Verum
745 1421 768 1472 si
794 1420 857 1472 baec
879 1436 972 1470 conra-

154 1501 247 1555 oienti
264 1502 367 1554 ratione
384 1519 443 1554 oum
462 1501 551 1572 operis
569 1519 679 1554 urorum
699 1519 893 1572 comparamus,
910 1502 976 1554 duae

156 1583 204 1638 bie
222 1593 287 1638 anot
311 1586 470 1654 separandae
486 1586 652 1655 quaestiones
674 1584 717 1658 (ι)
741 1605 773 1638 au
797 1603 864 1640 saxos
882 1585 913 1639 sal
932 1587 977 1638 lus·

155 1668 274 1739 jusmodi
292 1669 396 1720 sordide
415 1667 504 1720 officia
521 1669 669 1738 obligetur,
687 1670 787 1738 dequo
812 1667 881 1722 infra
899 1684 975 1739 agen·

157 1753 225 1806 dum
236 1789 243 1818 ,
255 1761 283 1806 ιι
299 1768 332 1806 ιι
350 1753 503 1807 conditione
521 1753 610 1806 usorls
628 1762 654 1804 et
672 1753 757 1806 mariti
770 1753 802 1806 de
814 1770 845 1806 eo
862 1765 975 1808 statuen-

157 1836 224 1888 dum
243 1835 310 1900 erite
325 1833 367 1905 (i)
384 1851 433 1900 an,
447 1835 468 1888 si
489 1851 556 1889 uxor
573 1853 608 1889 ear
624 1837 781 1890 conditione
796 1852 846 1890 suaa
865 1839 926 1890 talia
939 1838 977 1891 si-

11 1925 13 1952 l
69 1959 71 1962 -
157 1919 194 1974 lia
216 1919 366 1972 ministeria
386 1928 513 1986 praestet,
529 1919 590 1971 illae
609 1937 660 1972 nou
680 1921 783 1990 possint
800 1939 880 1990 aeque
897 1921 928 1972 ad
941 1919 978 1973 of·

156 1999 261 2056 dotales
283 2017 331 2055 sno
349 2001 427 2054 modo
453 1999 569 2054 referri?
585 2002 653 2072 qood
680 2005 769 2072 otique
792 2023 851 2058 eum
871 2007 976 2060 diabolo

163 2085 203 2140 nd
227 2087 297 2140 Wes·
316 2085 359 2136 n's.
377 2082 410 2136 da
428 2099 501 2154 oper.
519 2085 605 2138 libert.
624 2105 651 2139 ιι.
671 2087 696 2138 b.
718 2089 899 2156 asserendum,
918 2109 975 2144 cusu

159 2184 291 2240 personae
309 2167 398 2221 mariti
418 2176 598 2236 praestentur,
612 2177 638 2219 et
656 2167 699 2220 his
717 2169 783 2238 ipsis
794 2188 896 2240 quoqne
913 2191 977 2227 uror

164 2269 297 2324 personae
315 2252 406 2306 mariti
431 2251 575 2316 inserviat,
594 2252 656 2305 licet
677 2252 717 2304 sel
742 2254 856 2308 maxime
873 2255 977 2310 sordida

159 2338 227 2393 sint.

196 2417 224 2492 fi.
243 2419 269 2472 ι.
286 2418 352 2472 Com
371 2419 459 2490 itaque
478 2418 644 2491 obsequiale*
662 2433 757 2491 operae
780 2417 813 2470 ab
829 2415 977 2473 artificiali·

160 2503 213 2558 bus
238 2521 311 2556 suam
341 2515 485 2576 separatam
513 2505 648 2564 indolem,
667 2513 693 2555 et
715 2513 830 2555 naturam
855 2501 978 2568 babeant,

162 2591 220 2658 jam
241 2587 352 2641 ulterius
371 2588 404 2639 de
424 2585 596 2638 fundamento
612 2583 796 2652 obligationis,
809 2600 842 2634 ex
854 2603 901 2652 qua
913 2601 979 2636 uxor

154 2673 196 2726 ·ad
228 2673 287 2725 illas
313 2668 483 2740 praestandas
506 2668 700 2736 obstringitur,
720 2666 861 2719 ridendum
880 2677 934 2732 est,
954 2676 981 2720 ut

155 2756 227 2810 inde
246 2764 336 2826 postea
354 2755 388 2808 de
406 2756 465 2820 jure
483 2753 569 2806 mariti
584 2750 613 2804 ist
627 2753 674 2804 lsas
690 2766 783 2822 operas
800 2751 913 2818 judicare
925 2769 979 2823 pos·

156 2839 257 2895 airuns.
276 2837 403 2908 Equidem
423 2836 534 2888 sociatas
551 2835 694 2904 conjugalis
718 2836 845 2906 primario
863 2836 894 2889 sd
913 2837 978 2890 libe-

163 2939 261 2978 rorum
288 2921 514 2991 procreationem,
538 2930 564 2972 ιι
588 2921 772 2972 educationem
799 2921 978 2987 contrabiturs

158 3007 211 3062 sed
225 3007 348 3077 quonism
368 3005 430 3057 baec
449 3003 556 3056 societis
574 3003 652 3054 debet
666 3020 722 3056 esse
734 3014 873 3069 constans,
887 3017 912 3060 ιι
923 3025 979 3077 per·

161 3103 263 3164 petua,
282 3090 361 3142 simul
378 3105 482 3158 quoque
498 3089 530 3140 ad
551 3089 589 3142 rei
608 3089 764 3141 domesticae
777 3099 802 3141 et
814 3095 981 3148 oeconomiae

158 3189 253 3228 curam
273 3170 351 3225 debet
368 3186 425 3224 esse
442 3171 582 3236 adornata,
601 3171 643 3222 cui
663 3170 843 3240 gubernandae
862 3175 981 3238 maritus,

160 3269 298 3328 tamquam
317 3265 393 3324 caput
414 3253 531 3306 familiae
550 3262 666 3322 praeest,
681 3271 746 3306 osor
758 3271 836 3321 sero,
850 3265 979 3328 tamquam

162 3341 300 3407 adjutrix,
312 3349 336 3392 et
354 3336 511 3392 auxiliatrix
530 3336 656 3388 maritos
677 3337 732 3390 lieo
750 3337 808 3392 data
827 3353 853 3394 st
870 3341 979 3396 destina-

159 3433 207 3488 ta,
226 3423 323 3476 Geraes.
335 3422 361 3473 d.
377 3423 421 3472 18.
439 3420 525 3472 eidem
539 3421 720 3474 auxiliatrices
732 3439 822 3475 manus
841 3427 978 3494 praebere,

160 3518 188 3562 et
203 3509 322 3560 eumdem
337 3505 472 3559 sublevere
488 3505 599 3558 omniuo
616 3506 707 3572 debet,
728 3508 755 3559 id
774 3511 841 3580 qnod
862 3520 915 3564 tuas
934 3514 979 3564 ob·

160 3591 282 3659 sequium
303 3590 408 3643 maritis
426 3591 630 3660 praestandum,
646 3601 699 3644 tom
715 3603 829 3661 potestas
849 3597 936 3649 mariti
951 3596 979 3650 io

166 3689 277 3726 osorem
296 3673 420 3726 ostendit.
440 3673 498 3725 ttae
516 3675 615 3727 intuitu
633 3677 701 3746 apud
719 3690 817 3733 veteres
834 3681 980 3734 Germsnos

164 3749 261 3810 osoies
285 3757 335 3809 sols
355 3756 422 3827 ipsis
439 3757 594 3828 incipientis
613 3761 774 3814 mstrimonii
793 3767 920 3834 auspiciis
938 3765 979 3821 ad·

1734 309 1789 367 titt

1029 410 1077 462 lese
1097 424 1154 461 esse
1175 405 1294 458 voluterit
1313 416 1428 470 umores,
1442 409 1489 456 etc.
1506 412 1532 458 et
1550 421 1573 459 c.
1593 405 1636 457 12.
1654 405 1716 460 illd.
1734 408 1784 461 aits
1804 419 1845 465 ast

1027 491 1096 546 ordo
1119 489 1254 545 staturalis
1280 491 1309 540 in
1334 485 1502 552 bominibus,
1523 498 1552 542 ιιι
1569 490 1843 561 seruiuntsueminne

1027 577 1112 640 uiris,
1132 593 1164 628 ex
1182 593 1230 645 qssa
1257 574 1340 641 posita
1365 571 1527 639 subjectione
1552 573 1643 643 utique
1662 573 1723 643 ipsa
1740 592 1842 646 quoque

1027 659 1202 730 obligationi
1228 675 1322 730 operas
1345 655 1481 710 evidenter
1505 653 1659 719 deducitur,
1681 659 1746 711 alias
1770 661 1843 713 enim

1027 744 1091 797 ltaec
1108 743 1233 812 ohligalio
1247 741 1332 795 inanis
1350 740 1425 795 foret.
1439 739 1576 802 firmiter,
1590 749 1613 794 et
1632 736 1695 792 fissis
1708 741 1843 794 matrimo-

1027 829 1066 880 nii
1088 827 1257 881 secundarius
1274 843 1310 878 ιι.
1330 836 1452 878 mutuum
1470 823 1654 895 amatorium,
1671 833 1698 876 et
1716 821 1844 891 subjectio

1027 915 1133 976 axoris,
1153 930 1245 982 operas
1270 913 1428 964 domesticas
1453 909 1565 962 omnino
1587 907 1620 960 ab
1646 924 1727 959 assare
1745 907 1843 977 erigit,

1025 1016 1089 1068 quas
1109 997 1201 1051 marito
1219 997 1373 1067 promisisse
1391 997 1514 1060 ridetur,
1532 993 1594 1045 dnm
1614 994 1699 1046 eidem
1712 987 1792 1048 fidem
1811 993 1845 1049 sle

1028 1081 1205 1154 matrimouin'
1216 1083 1296 1136 dedit.

1063 1172 1083 1228 ς.
1102 1166 1128 1216 ll.
1148 1165 1237 1218 Solent
1255 1175 1385 1235 praeterea
1402 1163 1457 1218 Jcti
1476 1161 1548 1214 aliud
1567 1160 1762 1232 fundamendum
1775 1161 1843 1216 obli·

1025 1249 1137 1316 ¹gationis
1156 1249 1263 1302 uxoriae
1280 1248 1312 1300 ad
1331 1265 1424 1318 operas
1449 1246 1577 1299 deducere
1594 1263 1627 1299 ex
1653 1248 1843 1302 alimentorum

1027 1333 1208 1404 perceptione,
1227 1331 1295 1404 quod
1314 1351 1348 1387 sc.
1370 1329 1479 1385 maritus
1498 1341 1614 1385 teneatur
1632 1346 1739 1384 uxorem
1758 1333 1841 1400 alere,

1027 1415 1109 1468 etita
1129 1418 1184 1490 ipsa
1210 1434 1313 1488 quoque
1330 1417 1459 1470 obstricta
1478 1415 1513 1468 sit
1531 1415 1565 1467 ad
1589 1431 1689 1486 operas.
1708 1412 1793 1469 cotes.
1810 1417 1845 1472 de

1026 1499 1143 1562 ¹process.
1162 1513 1265 1556 ιιιιιιι.
1282 1521 1307 1568 p.
1329 1504 1352 1554 l.
1369 1519 1392 1554 c.
1412 1501 1437 1553 2.
1455 1519 1482 1570 p.
1500 1499 1525 1552 f.
1544 1513 1614 1572 seqq.
1628 1515 1661 1551 ex
1679 1517 1730 1570 quo
1747 1501 1845 1557 deinde

1027 1603 1128 1656 qnoque
1146 1587 1256 1640 ulterius
1276 1584 1411 1656 inferunt,
1429 1585 1498 1657 quod
1518 1584 1594 1639 sidua
1613 1601 1714 1654 quoque
1732 1583 1766 1635 ad
1785 1602 1842 1638 eas·

1027 1667 1085 1722 dem
1103 1679 1195 1740 oper'ss
1215 1680 1348 1734 teneatur,
1369 1669 1493 1739 quamdin
1512 1685 1544 1720 ex
1564 1667 1640 1721 bonis
1657 1668 1842 1724 communibus

1029 1752 1113 1806 alitur.
1125 1757 1241 1816 Verum,
1254 1753 1372 1822 quumvis
1391 1753 1453 1804 liaeo
1471 1750 1536 1805 ratio
1555 1749 1690 1820 prioribus
1704 1754 1843 1818 conjuncta

1027 1837 1126 1906 aliquid
1146 1839 1258 1908 probare
1277 1838 1375 1905 possit,
1394 1845 1465 1889 certe
1484 1853 1530 1906 per
1555 1853 1581 1891 se
1604 1837 1687 1904 posita
1706 1853 1758 1888 oon
1778 1837 1842 1892 adeo

1029 1921 1096 1974 sires
1122 1923 1246 1983 sortitur,
1263 1939 1321 1972 casm
1347 1920 1417 1971 hacid
1441 1919 1559 1972 rideatur
1585 1919 1729 1973 necessaria
1754 1939 1842 1974 coose-

1028 2005 1146 2072 quentia:
1167 2005 1215 2075 qui
1230 2003 1297 2056 milti
1314 2003 1440 2055 alimenta
1460 2003 1548 2062 dedet,
1569 2001 1610 2054 s'lli
1626 2012 1725 2055 contro
1744 2022 1844 2070 operas

1029 2087 1127 2149 debeo,
1147 2103 1224 2152 nam,
1245 2096 1272 2137 ut
1292 2084 1405 2138 inferius
1424 2086 1523 2151 sileant,
1541 2101 1608 2136 uxor
1627 2103 1640 2136 s
1661 2087 1755 2137 marito
1772 2089 1844 2142 slen-

1029 2169 1060 2221 da
1079 2182 1131 2233 ιιι,
1143 2170 1205 2224 licet
1222 2171 1261 2223 sel
1280 2171 1395 2222 maxime
1413 2171 1498 2223 eidem
1513 2171 1596 2220 nullas
1610 2181 1739 2238 praestare
1751 2189 1845 2241 operas

1031 2256 1129 2324 possita
1149 2254 1259 2309 interim
1279 2255 1342 2308 haec
1360 2255 1428 2307 ratio
1446 2253 1546 2323 aliquid
1565 2269 1666 2321 quoque
1684 2253 1801 2318 confert,
1817 2268 1847 2312 uc

1029 2339 1089 2406 quia
1108 2353 1141 2390 se.
1161 2337 1192 2389 ad
1213 2348 1329 2390 suutuum
1349 2337 1504 2405 asljsuorium
1523 2352 1615 2388 staura
1630 2339 1724 2390 snarito
1743 2354 1845 2392 assum.

1032 2432 1074 2490 pta
1092 2431 1149 2484 est,
1168 2433 1195 2474 at
1214 2432 1346 2492 prieterea
1364 2421 1398 2474 ab
1416 2438 1447 2475 eo
1464 2421 1557 2487 alitur,
1578 2437 1609 2473 eo
1627 2421 1711 2492 magis
1727 2423 1780 2489 jam
1797 2419 1846 2473 ad·

1031 2504 1122 2558 stricta
1141 2503 1224 2557 sitast
1244 2522 1344 2576 operas.

1028 2617 1031 2624 ·
1068 2605 1091 2662 ς.
1108 2601 1133 2650 θ.
1154 2601 1224 2655 Adeo
1243 2613 1329 2654 autem
1350 2617 1415 2658 uxor
1432 2599 1464 2653 ad
1490 2619 1582 2672 operas
1607 2601 1775 2672 praestandas
1802 2601 1848 2656 ob·

1033 2682 1141 2752 ligator,
1160 2693 1189 2738 ut
1208 2683 1318 2738 dubium
1337 2703 1393 2740 esse
1413 2685 1519 2755 possit,
1543 2705 1574 2738 ao
1595 2687 1622 2740 in
1648 2691 1732 2756 pactis
1758 2685 1850 2741 dotali·

1035 2763 1082 2815 bns
1100 2765 1175 2818 uxori
1196 2767 1258 2819 tales
1277 2784 1370 2837 operae
1389 2767 1487 2820 remitti
1505 2765 1628 2838 possint?
1642 2769 1768 2840 Equidem
1782 2771 1849 2823 alias

1033 2858 1132 2901 certum
1159 2858 1217 2914 est,
1242 2868 1383 2921 operarum
1409 2853 1613 2922 praestationem
1641 2870 1715 2924 possa
1745 2853 1850 2907 remitti

1033 2929 1101 2998 illia,
1118 2933 1164 3003 qui
1184 2933 1243 2984 illas
1263 2934 1361 2988 debent
1380 2937 1418 2987 rel
1437 2951 1468 2986 ιι
1486 2935 1677 3006 promissiune,
1697 2937 1736 2992 sel
1755 2953 1786 2989 ιι
1805 2937 1850 2990 ob·

1032 3016 1157 3085 ligatione
1173 3016 1308 3086 obsequii,
1321 3017 1357 3073 uti
1370 3029 1481 3080 constat,
1496 3032 1616 3090 parsurm
1632 3021 1737 3072 libertis
1751 3021 1845 3076 remit·

1035 3107 1089 3150 tera
1106 3115 1197 3169 operas
1215 3117 1299 3169 posse.
1318 3101 1336 3152 l.
1355 3101 1450 3172 lhffi
1468 3107 1500 3155 da
1518 3121 1593 3170 oper.
1611 3105 1698 3158 libert.
1715 3106 1794 3159 etism
1812 3116 1848 3159 ta·

1033 3182 1094 3233 cite.
1111 3181 1130 3235 l.
1149 3183 1193 3235 lb.
1207 3201 1250 3255 pr.
1271 3183 1329 3238 eod.
1347 3185 1427 3250 adeo,
1447 3195 1476 3238 ut
1494 3187 1517 3238 si
1536 3185 1658 3240 libertam
1675 3198 1801 3258 patronus
1819 3189 1848 3244 in

1033 3265 1204 3320 concubinatu
1223 3265 1316 3321 babere
1336 3269 1472 3338 coeperit,
1489 3286 1582 3338 operas
1598 3272 1684 3324 eidem
1711 3273 1850 3328 remisisse

1033 3347 1162 3402 rideatur.
1180 3351 1198 3402 l.
1217 3351 1260 3402 ld.
1279 3351 1339 3404 eod.
1362 3354 1459 3405 Verum
1479 3353 1541 3406 baec
1560 3356 1683 3408 remissio
1706 3372 1846 3428 operarum

1034 3441 1135 3485 tautum
1154 3451 1184 3488 eo
1201 3437 1321 3506 respicit,
1339 3453 1371 3490 na
1388 3437 1484 3490 liberta
1502 3441 1617 3510 implius
1629 3458 1723 3508 operas
1735 3442 1762 3493 in
1776 3459 1848 3494 oom-

1034 3514 1137 3567 moslum
1156 3518 1257 3587 patroni
1277 3529 1411 3588 praestare
1430 3521 1533 3584 debeat,
1553 3539 1605 3574 non
1626 3540 1698 3588 sero,
1713 3533 1740 3576 ut
1753 3526 1849 3580 tabens

1033 3599 1109 3668 plane
1127 3603 1182 3654 otio
1200 3619 1228 3656 se
1247 3603 1362 3670 dedere,
1381 3611 1406 3656 et
1437 3604 1489 3657 sibi
1517 3605 1570 3674 ipsi
1595 3623 1688 3674 operas
1717 3593 1861 3678 praestare¹

1033 3700 1085 3736 noo
1104 3686 1201 3754 possit.
1222 3685 1306 3756 dtque
1323 3685 1386 3740 adeo
1403 3685 1452 3738 lsoc
1478 3689 1565 3756 ipsum
1594 3685 1682 3741 forsan
1706 3689 1738 3740 ad
1768 3690 1847 3744 illum

1031 3783 1119 3820 casum
1138 3769 1267 3839 applicari
1288 3779 1393 3839 posset,
1413 3771 1436 3824 si
1457 3771 1568 3824 maritus
1587 3781 1682 3841 sponte
1707 3775 1847 3828 commodo

165 3837 357 3901 monebantur.
374 3855 404 3891 re
424 3841 515 3893 uenire
537 3841 663 3897 laborum
686 3854 713 3896 et
734 3847 913 3912 periculorum
936 3871 978 3906 so·
1032 3867 1062 3903 ιι
1081 3857 1171 3922 operis
1190 3856 1281 3908 urotis
1298 3857 1465 3926 pmsenienti
1485 3855 1640 3910 rutnnciare
1653 3857 1740 3923 sellet,
1752 3858 1783 3910 de
1795 3877 1847 3927 quo

165 3921 258 3986 eiam,
276 3919 347 3974 idem
366 3923 394 3974 in
413 3937 496 3990 parce,
514 3922 582 3975 ideas
601 3923 631 3976 in
649 3926 755 3992 praelia
770 3946 908 3995 passuram
927 3951 977 3987 cu·
1029 3952 1089 3989 casu
1109 3939 1274 4007 postmodum
1294 3939 1422 4008 agessdoau
1441 3941 1509 4005 erit;
1529 3953 1567 3992 ast
1588 3941 1767 4011 inpraesenti
1787 3953 1845 3997 tan·

170 4021 320 4075 astrumque.
340 4004 447 4058 Tacitus
464 4005 498 4057 da
522 4006 617 4059 morib.
638 4007 762 4061 German.
780 4011 869 4082 Neque
892 4016 980 4084 itaque
1032 4028 1086 4071 tom
1106 4022 1224 4089 quaestio
1243 4033 1282 4075 est
1300 4024 1333 4076 de
1352 4025 1488 4077 commoda
1507 4025 1665 4078 remissione
1681 4044 1821 4095 operarum
1837 4065 1846 4093 ,

165 4100 271 4157 errant,
283 4089 328 4160 qui
342 4087 424 4142 linem
437 4088 569 4161 duplicem
583 4091 752 4144 matrimonio
764 4093 922 4165 praefigunt,
935 4096 979 4170 (l)
1032 4104 1109 4156 seluti
1131 4107 1152 4156 si
1173 4122 1283 4176 sponsus
1302 4123 1420 4176 sponsae,
1440 4119 1467 4162 ut
1486 4103 1546 4162 fieri
1567 4109 1643 4176 solet,
1663 4113 1845 4178 proaoislssett

166 4171 265 4226 acbatis
283 4173 487 4244 procreationem
501 4175 542 4245 (ι)
556 4183 676 4228 mutuum
690 4177 872 4250 adjsamrium,
885 4196 917 4234 ιι
928 4199 980 4252 quo
1029 4187 1076 4240 die
1091 4188 1160 4242 solta
1179 4190 1227 4241 mit
1244 4190 1292 4243 der
1304 4191 1512 4262 Hausslsoltuag
1522 4192 1596 4246 nient
1610 4193 1765 4248 descisceret
1778 4211 1844 4249 wer·

166 4256 250 4310 altero
267 4251 322 4310 flue
340 4271 408 4310 asor
430 4257 522 4328 utique
538 4257 570 4313 sd
594 4275 688 4330 operas
712 4263 836 4318 adstricta
861 4278 912 4332 est,
932 4283 979 4336 per
1029 4271 1101 4336 den,
1119 4275 1156 4324 im
1175 4273 1269 4327 flauas
1287 4273 1361 4327 nictit
1377 4275 1517 4341 ardeiren,
1537 4276 1700 4331 oderemus
1723 4279 1846 4350 capreis·

162 4357 226 4410 quaa
244 4341 284 4394 rei
299 4339 440 4394 familiaris
457 4341 591 4396 facultates
609 4355 635 4398 et
649 4358 809 4415 augeantur,
827 4361 851 4405 et
869 4369 976 4407 conser-
1026 4351 1075 4418 fers
1091 4391 1099 4418 ,
1117 4357 1236 4409 raudera
1255 4355 1338 4411 ollein
1364 4358 1438 4412 ilarer
1461 4361 1650 4414 commoditates
1665 4363 1794 4432 pflegen,
1814 4381 1844 4418 er

163 4434 263 4478 rentur.
282 4428 363 4480 Recte
384 4425 456 4479 enim
475 4427 627 4497 Xenophon.
646 4429 664 4480 1.
683 4430 707 4483 ll.
727 4435 876 4489 memorial.
889 4435 978 4490 deod·
1030 4437 1107 4492 nolte
1125 4438 1168 4493 dia
1186 4441 1379 4511 Horaslloltung
1394 4442 1478 4496 durala
1499 4443 1600 4497 undere
1616 4445 1767 4499 verriciaten
1787 4447 1843 4499 fas·

162 4507 281 4560 ministr.
298 4511 436 4563 domestic
452 4527 479 4580 p.
499 4527 534 4564 m.
552 4513 617 4566 etr.
634 4514 673 4567 lit.
691 4535 719 4568 u.
739 4519 805 4569 mibi
824 4517 925 4578 dixisse
942 4522 978 4578 sl·
1028 4534 1075 4574 tan
1090 4531 1138 4576 etc.
1157 4523 1234 4578 Certe
1252 4525 1301 4576 boo
1320 4534 1424 4595 pactum
1443 4526 1547 4580 ridetur
1564 4543 1621 4582 esse
1641 4539 1727 4598 turpe,
1751 4539 1776 4582 et
1796 4531 1843 4584 bo·

163 4591 253 4646 detor:
275 4611 406 4659 ararem,
425 4613 492 4664 qaue
511 4595 539 4648 in
558 4597 639 4650 domo
658 4599 732 4652 bonu
750 4601 785 4652 sit
800 4604 890 4671 ancia,
909 4617 978 4660 tons·
1030 4605 1073 4658 nis
1093 4607 1211 4660 moribus
1229 4609 1405 4676 contrarium,
1422 4627 1481 4663 eum
1501 4627 1589 4664 resera
1608 4609 1711 4664 aberret
1729 4631 1744 4662 a
1762 4629 1842 4684 scopo

162 4677 283 4731 tamdem
307 4677 405 4732 dobere
424 4679 556 4732 momenti
584 4679 624 4735 od
651 4684 789 4753 utriusque
812 4686 976 4754 utilitatem,
1030 4691 1196 4744 matrimonii
1215 4691 1387 4754 secundario,
1404 4703 1431 4746 et
1449 4693 1482 4746 ad
1493 4697 1577 4750 otium
1592 4695 1707 4760 inducat,
1720 4699 1840 4752 omnium

162 4772 294 4829 quantum
314 4764 355 4815 rir
379 4763 486 4816 Ιιιιιαι.
511 4767 580 4818 Nom
604 4765 762 4838 plerumque
785 4769 837 4824 viri
863 4789 975 4843 operum
1030 4776 1156 4828 maturum
1176 4773 1289 4829 radicem
1309 4787 1336 4831 ιι
1355 4776 1578 4843 fomentum‚oisi
1600 4780 1840 4852 foassnusorpro·

154 4847 306 4915 fiscultates
322 4847 352 4899 in
368 4849 480 4902 domum
501 4850 627 4914 ueniunt,
640 4860 666 4902 et
679 4851 975 4922 mnoeimopnrrearum
1027 4870 1082 4928 pter
1100 4856 1232 4910 defectum
1251 4861 1371 4927 corporis
1391 4861 1479 4932 inepta
1498 4858 1626 4924 videatur,
1645 4872 1669 4913 et
1692 4874 1778 4915 tasueu
1797 4865 1839 4914 ni·

163 4947 252 4984 uxore
268 4941 407 5002 premente
422 4931 603 4998 comumitur,
629 4951 699 5003 qaae
721 4937 843 5006 quidem,
859 4941 885 4994 ti
906 4953 976 4997 recte
1027 4943 1174 4996 bilominus
1192 4960 1301 5013 sponsus
1321 4945 1437 5000 eamdem
1459 4947 1551 5011 ducat,
1569 4947 1688 5000 sicenim
1704 4947 1766 5000 baec
1779 4965 1840 5017 pro·

157 5015 252 5086 fiunt,
270 5014 455 5087 amplificatur
478 5015 589 5078 domas,
608 5015 651 5068 sin
677 5027 769 5071 cutem
793 5036 881 5084 serus,
898 5025 975 5078 dimi·
1026 5025 1119 5080 missio
1136 5029 1250 5100 aliquem
1270 5029 1391 5085 effectum
1413 5032 1531 5101 baberet,
1549 5051 1625 5101 quero
1646 5045 1731 5086 tamen
1750 5052 1839 5090 rursus

162 5101 263 5152 nititur.
283 5099 390 5152 Plenius
407 5097 457 5150 lsoc
475 5099 622 5151 illustratur
639 5116 673 5153 ιι
691 5101 794 5172 alislogo
812 5103 974 5160 Ischomachi
1025 5108 1174 5177 amitteret,
1193 5113 1238 5166 ult
1258 5115 1385 5184 pristinae
1404 5127 1492 5185 postea
1510 5127 1577 5171 esset
1589 5115 1711 5170 'restituta
1724 5120 1837 5174 sanitati.

162 5191 188 5234 et
207 5183 325 5235 Socratis
351 5181 383 5235 de
405 5179 497 5236 officio
521 5180 604 5236 bonas
629 5186 719 5239 axoris
742 5187 770 5239 in
790 5187 868 5243 domo
884 5192 976 5250 mariti
1025 5195 1105 5249 Unde
1121 5205 1148 5250 et
1165 5197 1193 5250 in
1213 5197 1232 5250 i.
1251 5197 1347 5268 ll.ffi
1364 5201 1397 5254 de
1415 5218 1490 5270 oper.
1509 5201 1595 5255 libert.
1615 5201 1715 5256 diserte
1739 5204 1839 5259 dieitur

162 5264 231 5335 ‘il'd
249 5263 449 5336 x⁸⁰⁰ih⁰¹¹¹²⁰¹
462 5265 506 5320 ⁶5²·
526 5267 543 5319 1·
558 5283 619 5339 Μ·
638 5270 701 5324 ⁸³⁰·
718 5286 789 5343 seqq.
808 5272 854 5326 ubi
871 5277 973 5346 eleqan·
1024 5279 1094 5348 qood
1114 5280 1235 5336 remissis
1251 5283 1342 5352 operis
1360 5283 1532 5338 verecundiae
1550 5283 1676 5353 obligatio
1695 5303 1747 5340 non
1771 5303 1837 5340 een·

163 5359 204 5402 ¹⁸¹·
220 5351 306 5419 'tiit'
323 5348 356 5403 ‘¹⁰
372 5349 461 5419 θιῑῑίι
474 5365 602 5415 Uolum·
614 5370 677 5424 quas
696 5354 765 5408 intra
785 5357 892 5412 domam
905 5377 975 5433 prae·
1025 5373 1113 5417 seatna·
1131 5381 1186 5418 essa
1205 5367 1313 5422 remissa
1333 5367 1446 5433 liberto,
1464 5379 1492 5422 et
1514 5369 1551 5424 sio
1570 5385 1617 5421 nec
1643 5371 1702 5428 ittae
1724 5388 1836 5440 operae,

164 5441 234 5486 stare
253 5433 375 5486 debeant.
392 5435 450 5487 Eoo
462 5435 560 5489 intuitu
575 5449 662 5509 patres
673 5440 796 5494 eeclesiae
814 5459 892 5514 saepe
910 5461 972 5500 uxo·
1024 5465 1089 5516 qnae
1106 5465 1138 5501 ιι
1159 5451 1311 5504 verecundis
1330 5460 1503 5522 promanant,
1521 5453 1737 5522 quemadmodum
1755 5455 1836 5508 ettam

165 5533 206 5570 res
222 5529 437 5589 comparaverunt
454 5521 574 5587 ancillis,
587 5522 643 5574 imo
664 5523 821 5593 doqostioss
840 5527 868 5580 io
887 5545 910 5582 c.
930 5530 973 5582 tt.
1023 5531 1143 5585 remissis
1161 5533 1275 5587 aeaatstts
1294 5533 1460 5598 feudalibus,
1482 5533 1550 5586 barad
1577 5536 1686 5588 remissa
1711 5548 1771 5588 aunt
1790 5537 1836 5590 illa

164 5615 189 5654 e.
210 5601 255 5652 ³³.
273 5620 300 5672 q.
318 5601 344 5655 ll.
361 5601 463 5657 diserta
479 5603 560 5657 disits
577 5605 646 5660 satis
659 5607 723 5662 tsine
739 5621 867 5679 apparet,
885 5631 973 5685 paem-
1024 5615 1142 5680 sensitis,
1158 5619 1217 5672 sine
1234 5617 1329 5688 quibus
1347 5613 1461 5671 fidelitas
1473 5617 1627 5673 sasssllirica
1642 5619 1767 5690 praestari
1781 5637 1834 5672 non

164 5683 445 5839 admorgppkqpbqi'ipps
453 5687 596 5829 ssqpinm
620 5690 698 5763 anu,
716 5703 743 5750 et
764 5695 972 5769 panesamsdus
1022 5709 1117 5770 potest,
1135 5697 1180 5752 dn.
1200 5699 1286 5755 Praei.
1303 5702 1331 5754 in
1350 5716 1442 5839 supp
1454 5699 1516 5775 jur.
1525 5699 1605 5772 send.
1631 5719 1653 5756 e.
1673 5703 1698 5755 1.
1718 5721 1764 5774 qa.
1789 5703 1833 5760 tt·
