4346 6194
410 288 482 342 rusti

341 391 363 446 ς.
383 385 427 434 72.
446 396 471 436 er
491 382 551 436 tur.
572 376 644 450 qnasi
664 376 853 432 sententiarum
868 351 984 428 execulin
997 393 1025 428 se
1044 376 1098 443 pari
1118 393 1158 426 ra-

342 468 413 520 tione
432 465 554 530 haberet,
570 465 637 516 stibii
650 463 720 514 enim
742 463 775 512 de
794 462 872 514 rtsndo
889 459 1034 536 exequendi
1055 469 1159 514 senten-

346 549 395 600 tias
415 551 442 600 in
463 550 487 601 d.
507 557 527 611 ς.
549 548 610 600 tur.
629 545 805 615 dispositum,
824 545 869 597 sed
890 561 931 596 res
948 543 1039 596 relicta
1058 541 1160 596 intutae

342 633 520 684 conventioni.
540 632 604 684 Cum
625 648 684 684 sero
703 630 765 680 haec
784 628 811 680 in
825 645 918 680 recess.
937 627 1032 679 noeirs.
1045 627 1101 678 lisca
1115 644 1159 678 sur

341 714 443 779 radiet,
462 717 522 784 quis
542 713 785 784 interpretationem
807 710 867 762 nori
892 711 958 777 juris
977 710 1108 777 perspicui
1127 724 1158 760 ex

342 799 424 852 reteri
444 797 525 851 dnbio
543 793 693 868 repeteret?
709 796 748 850 [le
765 805 882 858 oreterc,
894 794 964 862 quod
983 794 1011 844 in
1028 788 1084 844 line
1100 793 1158 844 sub·

339 883 399 952 jicit
411 893 513 946 auctor,
528 881 740 950 augeretissimnm
760 880 942 948 imperatorem
963 880 991 930 in
1012 877 1093 941 capit.
1107 893 1158 930 sua

342 977 395 1019 nrt.
415 967 441 1018 2.
466 967 609 1035 obligatum
629 979 685 1017 esse
708 964 742 1014 ad
767 962 959 1031 ordinatioqem
984 960 1157 1026 executionis,

340 1049 390 1102 lroc
411 1050 518 1102 autenm
542 1049 638 1102 erertit
664 1047 793 1114 integram
823 1047 908 1114 ipsine
926 1045 1157 1104 dissertationem:

340 1135 394 1186 sire
412 1134 484 1184 enim
504 1125 565 1184 itaer
582 1132 742 1184 circulorum
762 1130 892 1191 ducibus,
912 1129 966 1181 sire
983 1125 1159 1180 directoribus

340 1217 488 1286 exequendi
514 1216 660 1269 sanititatem
686 1215 824 1282 largietur,
849 1213 977 1282 quomodo
1001 1195 1161 1264 satisfecisse

342 1301 527 1370 capitulationi
554 1299 606 1350 dici
633 1298 733 1366 poterit
759 1297 824 1363 imp.
851 1295 873 1346 si
895 1303 947 1346 tam
973 1293 1062 1344 ducem
1082 1311 1159 1361 qnam

341 1385 437 1438 circuli
456 1384 600 1436 directores
619 1377 822 1449 praetereundo,
843 1377 900 1444 ipse
917 1377 994 1427 sliam
1015 1377 1159 1442 exequendi

339 1468 453 1520 lormam
474 1463 621 1535 suscipiat?
640 1465 671 1516 Et
690 1463 819 1533 quomodo
836 1470 909 1514 actus
935 1459 979 1510 bic
995 1479 1009 1510 a
1028 1461 1159 1514 nullitriis

339 1554 405 1606 sitio
424 1550 544 1604 excusari
570 1537 686 1619 poterit,
705 1548 750 1616 qui
769 1558 857 1598 contra
877 1546 964 1598 delam
989 1546 1016 1596 in
1035 1546 1159 1616 capitula·

339 1639 415 1688 tinne
433 1633 513 1688 iidem
535 1647 673 1704 susceptus
691 1644 744 1698 est,
756 1633 872 1703 quamvis
892 1633 941 1684 boo
959 1632 1061 1700 optimo
1080 1634 1160 1701 impe·

340 1721 440 1781 satori,
454 1722 498 1788 qui
514 1720 644 1790 hueusque
660 1719 759 1786 gloriae
773 1717 825 1769 sibi
844 1717 936 1780 duxit,
949 1717 1090 1770 secuudum
1107 1719 1158 1770 im-

337 1803 406 1870 perii
426 1803 495 1869 leges
514 1814 617 1870 sceptra
637 1800 785 1862 moderari,
802 1800 884 1851 nolim
907 1800 1080 1867 imputatum:
1098 1799 1158 1867 qui,

340 1887 362 1938 si
383 1903 412 1939 re
429 1887 515 1938 adhuc
535 1886 636 1952 integra
656 1884 689 1935 de
706 1875 807 1935 inversa
828 1883 873 1936 ilia
893 1881 1039 1950 exequendi
1060 1885 1162 1938 ratione

347 1968 505 2024 iulcrmatus
524 1965 632 2032 luisset,
654 1967 714 2020 aine
731 1965 811 2018 dubio
829 1964 1037 2020 contradixisset.

607 2121 791 2176 CAPUT
827 2121 902 2176 rttt.

337 2285 381 2338 De
393 2283 559 2338 institutione
568 2283 730 2338 circulorum
758 2294 784 2336 et
796 2283 956 2338 directorum
970 2295 1050 2355 atque
1062 2287 1159 2344 dueum

599 2367 773 2423 circularium
792 2365 903 2436 qsficit's.

343 2459 493 2590 Quaene
511 2533 672 2586 circulorum
693 2533 864 2588 institutione
876 2533 1045 2590 etdistinetis
1063 2533 1158 2590 ducum

339 2629 366 2671 et
386 2621 544 2672 directorum
567 2615 667 2671 officiis
686 2618 730 2671 bic
744 2619 853 2672 disserit
868 2631 974 2684 auctor,
992 2621 1036 2672 illa
1053 2639 1160 2690 scopum

339 2721 392 2756 non
413 2703 524 2756 leniunt.
545 2703 575 2754 si
596 2704 667 2754 enim
687 2704 714 2754 in
734 2706 792 2771 jure
811 2705 919 2773 publico
937 2714 1050 2757 statuum
1068 2717 1093 2758 et
1112 2708 1161 2760 cir-

342 2791 458 2842 culorum
478 2792 535 2856 jara
557 2805 588 2842 ex
607 2790 704 2858 priscis
722 2787 821 2856 legibus
840 2792 979 2843 aestimare
991 2793 1116 2844 etomnia
1128 2796 1160 2846 ad

338 2891 399 2926 aurs
417 2875 534 2942 origines
553 2890 675 2925 revocare
695 2873 835 2934 relicinus,
856 2875 949 2926 otiosis
976 2875 1068 2928 litibus
1088 2877 1160 2930 alare-

339 2967 383 3010 tur
401 2958 514 3010 occasio:
536 2974 588 3008 non
615 2956 685 3008 enim
714 2957 873 3008 indubium
899 2959 1012 3028 amplius
1032 2961 1157 3027 iocando,

336 3057 406 3110 quse
425 3049 523 3092 certam
542 3041 624 3109 legem
646 3049 802 3108 receperunt
821 3040 907 3092 bodie.
927 3041 998 3109 Quid
1018 3060 1079 3111 ergo
1097 3065 1159 3113 pro·

338 3127 411 3178 derit
429 3125 578 3193 disputare,
597 3122 701 3190 quando
720 3123 813 3186 duces,
827 3123 930 3192 quando
949 3123 1089 3180 directores
1108 3128 1159 3179 oir-

334 3211 453 3262 culorom
478 3209 631 3278 coeperintq
650 3207 720 3258 nihil
747 3207 818 3260 cuim
845 3209 907 3262 inde
930 3209 1033 3262 decedit
1057 3213 1159 3281 juribus

335 3292 510 3355 circulorum,
524 3307 632 3360 quorum
654 3292 833 3345 mandatarios
851 3310 910 3347 esse
929 3294 1021 3360 duces,
1037 3315 1087 3350 non
1103 3316 1159 3369 per,-

336 3395 412 3431 scnas
431 3377 605 3447 principales,
621 3393 699 3448 supra
713 3377 849 3448 probatum
868 3386 916 3432 est.
931 3380 986 3431 lmo
1000 3380 1058 3450 ipse
1070 3395 1159 3438 auctor

335 3461 447 3524 latetur,
465 3459 612 3530 primarios
631 3461 745 3527 cujusvis
772 3463 864 3514 circuli
889 3463 1028 3532 principes
1047 3468 1161 3538 reliquos

336 3555 420 3598 statos
438 3562 597 3598 convocasse
609 3559 632 3600 et
645 3546 802 3599 directionis
822 3566 931 3601 munere
950 3549 1056 3605 intactos
1069 3552 1158 3607 luisse.

335 3628 406 3698 Ergo
424 3628 543 3692 luerunt,
562 3629 607 3698 qui
627 3629 789 3696 dirigerent,
808 3641 947 3701 autequam
968 3633 1045 3688 eluces
1063 3637 1157 3690 circuli

335 3716 513 3783 eligerenturq
527 3715 620 3768 electio
640 3715 710 3766 enim
731 3715 793 3767 haee
811 3737 824 3769 a
844 3719 952 3772 circulis
971 3716 1030 3774 fieri
1049 3721 1155 3775 debuit:

337 3798 450 3851 circulus
469 3798 527 3851 sine
544 3797 728 3850 consonatione
745 3802 901 3867 conuenire,
914 3813 939 3856 et
958 3805 1016 3856 sine
1035 3804 1157 3860 directio·

346 3901 380 3937 ne
399 3883 427 3934 in
444 3884 557 3936 rotando
575 3886 728 3939 conscindere
745 3905 798 3940 uon
817 3892 912 3958 potuit.
937 3893 1054 3948 Fuerunt
1073 3896 1159 3966 itaquo

342 3967 499 4020 circulorum
519 3965 672 4032 directores,
686 3981 822 4040 antequam
844 3975 920 4025 titulo
939 3975 987 4028 boc
1005 3986 1156 4045 uterentur,

339 4060 365 4104 et
385 4050 425 4100 sie
443 4049 549 4102 iliorum
569 4052 642 4119 prior
659 4067 734 4118 qnam
755 4049 848 4102 ducum
864 4054 931 4106 ratio
944 4054 995 4108 luit
1007 4057 1110 4124 habita,
1124 4061 1158 4110 li-

348 4143 389 4186 eei
408 4131 500 4184 borum
520 4149 615 4184 nomen
635 4133 713 4185 citius
733 4134 760 4183 in
780 4135 885 4203 imperii
906 4136 1006 4204 legibus
1024 4151 1159 4206 occurret,

343 4219 365 4270 si
385 4215 549 4284 capitaneum
569 4234 616 4286 paro
635 4217 692 4285 ipso
711 4216 775 4269 duce
794 4219 932 4288 acceperis.
952 4221 1009 4272 linc
1028 4231 1113 4274 nutem
1134 4244 1159 4276 o-

338 4299 431 4353 mnino
449 4298 595 4368 negandum
614 4314 724 4362 censeo,
744 4300 822 4354 duces
847 4303 1002 4356 circulorum
1025 4305 1057 4358 sb
1078 4309 1159 4362 initio

340 4385 532 4436 sententiarum
551 4384 750 4438 executionibus
770 4404 821 4437 non
842 4385 922 4440 luisse
941 4387 1092 4455 adhibitam
1110 4393 1160 4446 cla-

338 4465 409 4520 riora
423 4467 495 4519 enim
511 4469 586 4519 rerba
601 4477 662 4520 sunt
675 4467 703 4520 in
719 4467 896 4539 Eritaerung
907 4472 1161 4540 declarrrlsriedens

339 4553 372 4606 de
388 4571 461 4606 nnnc
480 4554 560 4606 1522.
578 4571 656 4621 quam
671 4563 698 4605 ct
715 4551 853 4604 dubitandi
867 4557 1025 4608 occasionem
1045 4559 1160 4628 cuipiam

342 4638 493 4706 relinquere
511 4637 623 4708 possint.
641 4639 705 4690 Utut
725 4637 796 4689 euim
816 4636 848 4688 de
868 4641 939 4708 pacis
958 4641 1081 4708 publicae
1098 4663 1159 4697 con·

346 4721 492 4772 screatione
511 4721 549 4772 ibi
570 4721 753 4791 principaliter
771 4732 876 4786 agatur,
891 4733 1005 4775 attamen
1025 4737 1160 4779 ‹ontextns

343 4803 447 4872 liquido
466 4803 713 4872 dceet,cxequendi
731 4803 837 4855 modum
859 4803 897 4854 ibi
920 4802 1058 4860 delusitnm
1080 4811 1160 4863 etiam

341 4887 376 4938 ad
398 4885 733 4955 sententiasquascumque
759 4887 901 4954 pertinere.
922 4889 1009 4944 Verba
1029 4893 1097 4946 euim
1118 4913 1161 4946 ru·

339 4965 532 5020 interemrti.
555 4973 578 5018 i.
598 4973 633 5022 ita
652 4988 680 5022 sc
704 4969 813 5021 habent:
842 4972 890 5026 eric
914 4974 957 5027 die
979 4975 1083 5045 Stroffe
1105 4979 1164 5032 arad

340 5050 492 5122 Handlnng
515 5071 546 5106 en
571 5053 765 5124 Hcrrrllrobrmg
783 5060 922 5127 germines
946 5061 1090 5126 uentrem,
1116 5061 1162 5118 aler

342 5133 565 5202 Lanrffriedena,
591 5137 648 5190 und
668 5143 770 5194 audere
798 5145 938 5198 eeecrrtr'on
962 5148 1162 5217 gerproelrener

346 5219 441 5272 Urrlrrl
456 5231 502 5273 etc.
516 5222 599 5275 durcla
613 5223 655 5274 die
669 5224 712 5272 10.
731 5225 836 5294 Kreyse
849 5229 997 5296 geroltelren
1016 5233 1068 5283 roll
1076 5273 1083 5298 ,
1096 5251 1161 5302 quae

981 275 1191 334 ntsstttttt'r.

1210 275 1326 333 CAPUT
1344 278 1421 334 Vill.
1905 277 1977 331 tuse

1211 393 1319 445 gangen
1333 381 1413 446 (ergo
1430 393 1481 428 nnn
1501 383 1562 428 ante
1580 373 1783 444 publicationem
1803 377 1965 436 sententiae,
1977 391 2033 426 non

1213 471 1272 512 aute
1289 463 1390 528 lapsum
1404 460 1551 522 deeemnii)
1570 457 1688 525 ltelffen,
1714 459 1799 512 demit
1822 459 1913 512 solclte
1935 460 2033 512 Urrlrel

1213 544 1393 610 collensogerr
1419 545 1534 597 werdere.
1562 543 1600 594 Ex
1620 559 1673 611 quo
1697 543 1784 610 itrqne
1808 541 1885 595 duces
1901 543 2033 596 rotrstitni

1212 638 1372 694 coeperunt,
1391 643 1422 678 ex
1451 645 1481 679 eo
1507 637 1625 694 tempore
1650 627 1709 678 iilos
1737 643 1797 678 snex
1822 630 1863 693 jus
1882 630 2031 696 exequendi

1211 711 1352 762 sententias
1373 721 1464 765 nactos
1483 727 1553 776 esre,
1572 723 1659 764 contra
1679 710 1745 762 clara
1774 727 1868 764 recess-
1887 713 1966 768 eerba
1985 731 2032 766 ue·

1212 797 1283 864 gerit
1300 808 1396 849 auctor.

1480 951 1666 1006 CAPUT
1704 955 1750 1008 tx.

1210 1110 1405 1166 Sententiarum
1419 1112 1759 1168 executionesnnctoritnle
1768 1114 1943 1178 imperatoris
1956 1118 2033 1174 duci·

1249 1195 1296 1248 bns
1308 1195 1469 1248 circulorum
1488 1214 1543 1248 uon
1558 1195 1594 1248 ita
1612 1196 1773 1250 comittissae
1782 1199 1919 1268 suerunt,
1931 1213 1961 1255 ut
1979 1209 2028 1258 im.

1245 1289 1354 1348 perator
1364 1278 1463 1331 iisdem
1475 1297 1503 1333 rc
1511 1281 1593 1348 plane
1607 1281 1783 1336 abdicaverit.

1239 1404 1252 1432 Ἰ

1214 1405 1419 1506 Execotionem
1438 1445 1624 1500 sententiarum
1644 1469 1658 1501 a
1677 1451 1833 1506 circulorum
1859 1452 1970 1512 ducibus
1989 1481 2031 1516 au·

1212 1531 1331 1584 ctoritate
1343 1530 1509 1610 imperatoris¹
1521 1533 1657 1602 expeditas
1672 1533 1753 1588 luisse
1766 1553 1817 1588 ooo
1831 1553 1911 1608 negu;
1925 1545 1970 1596 sed
1986 1565 2029 1615 po.

1215 1614 1267 1668 tius
1286 1613 1397 1678 exinde,
1417 1615 1485 1683 quod
1506 1615 1537 1664 ad
1562 1616 1683 1669 mandata
1709 1624 1895 1676 executorialia
1915 1628 2030 1700 inspera-

1215 1700 1278 1752 toris
1297 1701 1330 1750 ad
1349 1699 1460 1750 circulos
1481 1699 1575 1752 directa
1602 1703 1718 1754 executio
1740 1701 1799 1756 lieri
1824 1707 1962 1774 debuerits
1988 1718 2030 1782 jus

1212 1781 1355 1850 exequendi
1376 1782 1527 1850 imperatori
1541 1784 1683 1854 adscripsi.
1693 1787 1770 1850 perit.
1786 1791 1810 1841 l.
1824 1789 1877 1842 Nec
1895 1792 2027 1862 dicerem,

1212 1883 1258 1935 per
1277 1867 1353 1918 istam
1379 1865 1594 1918 commissionem
1616 1867 1728 1922 ducibus
1755 1867 1866 1936 laetam,
1886 1874 2032 1944 imperato-

1213 1965 1268 2001 rem
1287 1950 1359 1999 omoi
1371 1948 1523 2001 executione
1543 1967 1570 2001 se
1589 1950 1739 2018 abdicarem
1754 1953 1802 2004 hoc
1819 1955 1890 2008 enim
1910 1976 1962 2012 non
1977 1978 2032 2014 mas

1212 2032 1253 2100 gis
1271 2049 1362 2084 rernm
1382 2031 1465 2098 leret,
1479 2051 1556 2102 quam
1571 2036 1593 2086 si
1615 2037 1704 2089 dicere
1721 2039 2029 2110 sellem,imperstoreux

1212 2117 1376 2170 concedendo
1395 2117 1620 2170 statibusomnem
1640 2121 1866 2186 jurisdictionem,
1882 2125 1928 2176 iiia
1946 2144 1975 2178 se
1987 2147 2032 2198 pe-

1212 2198 1284 2250 nitus
1311 2199 1444 2268 prisoner
1463 2203 1508 2254 sed
1535 2201 1704 2255 subordinate
1728 2204 1791 2258 haec
1813 2211 1948 2266 concessio
1972 2224 2028 2277 est,

1211 2298 1276 2350 qnae
1299 2290 1383 2335 tamen
1411 2283 1516 2336 iuterim
1546 2296 1634 2338 tantae
1658 2283 1806 2353 efficaciae,
1831 2302 1878 2357 ut,
1896 2296 2028 2362 quamdiu

1213 2373 1294 2416 status
1313 2366 1378 2435 imp.
1396 2368 1525 2434 justitiam
1539 2370 1658 2438 legitime
1670 2371 1871 2442 administrent,
1885 2379 2031 2448 imperatos

1214 2449 1273 2501 iilos
1292 2450 1321 2502 in
1340 2450 1387 2502 boe
1404 2454 1531 2504 exercitio
1549 2455 1621 2506 nullo
1641 2455 1717 2510 modo
1735 2457 1840 2512 turbare
1858 2473 1902 2516 rut
1919 2483 2030 2520 mucur-

1214 2544 1314 2588 rentem
1339 2553 1396 2588 oum
1416 2536 1528 2590 statibus
1552 2537 1765 2605 jurisdictionem
1789 2560 1910 2599 exercere
1935 2562 2028 2618 posset.

1213 2619 1299 2688 Longe
1317 2622 1388 2673 enim
1407 2622 1457 2674 alia
1484 2623 1547 2674 ratio
1570 2631 1610 2674 eat
1632 2625 1810 2678 concurrentia
1835 2630 2030 2694 jurisdictionis

1213 2703 1310 2756 aulicae
1331 2715 1358 2758 et
1375 2705 1526 2768 cameralis,
1544 2723 1620 2776 quana
1640 2711 1820 2762 concurrentis
1837 2713 2032 2778 iurisdictionis

1213 2787 1360 2858 imperialis
1377 2808 1434 2842 curn
1455 2789 1639 2855 jurisdictione
1661 2801 1791 2846 statuunt:
1810 2797 1882 2850 illam
1908 2801 2030 2860 admittit

1214 2874 1313 2940 paritas
1337 2871 1515 2940 judiciorum
1534 2873 1601 2926 hano
1624 2889 1738 2930 remorer
1762 2878 1903 2948 disparitas
1926 2896 1954 2940 et
1970 2891 2028 2942 anh-

1212 2955 1352 3008 ordinatio.
1371 2955 1448 3008 Unde
1472 2955 1539 3008 benc
1562 2957 1677 3027 primam
1703 2961 1857 3016 instantiam
1884 2967 2031 3038 imperator

1213 3039 1285 3116 ncilla
1303 3040 1491 3094 commissione
1508 3049 1553 3094 aut
1573 3043 1696 3094 mandato
1715 3044 1819 3100 turbare
1837 3059 1931 3118 potest.
1949 3057 2030 3122 capis.

1212 3125 1279 3194 ieop.
1296 3137 1346 3177 nrt.
1366 3127 1409 3177 18.
1429 3125 1502 3178 idean
1523 3125 1551 3178 in
1570 3127 1630 3193 jure
1647 3129 1793 3197 exequendi
1814 3131 1925 3186 ducibus
1943 3135 2030 3190 eircu-

1211 3211 1295 3264 inrum
1314 3208 1414 3278 legibus
1432 3207 1547 3278 quiesito
1565 3225 1653 3262 cerum
1671 3226 1727 3262 esse
1745 3211 1770 3263 d.
1788 3213 1870 3279 posit.
1889 3216 1915 3266 8.
1934 3229 2026 3274 osteo·

1211 3309 1267 3344 sum
1294 3304 1337 3345 est.
1363 3292 1410 3344 Cui
1439 3293 1460 3343 si
1487 3295 1643 3361 jungantur,
1670 3311 1736 3362 quse
1758 3296 1844 3362 posit.
1864 3299 1889 3349 6.
1914 3298 1942 3352 in
1963 3320 2022 3356 me-

1212 3377 1285 3429 dium
1312 3380 1425 3447 prolata,
1446 3375 1522 3428 laciie
1545 3385 1670 3428 corruent
1694 3379 1754 3443 iila,
1773 3396 1838 3448 quae
1862 3381 1913 3436 hoc
1938 3391 2028 3456 cipite

1210 3462 1319 3514 adduxit
1332 3471 1429 3514 auctor.
1444 3463 1500 3513 Hoc
1515 3479 1575 3516 sero
1594 3479 1646 3514 nou
1663 3463 1839 3518 omittendum
1850 3503 1857 3530 ,
1869 3467 1897 3518 in
1910 3486 1961 3537 quo
1973 3471 2030 3525 di..

1212 3547 1362 3600 sectationis
1375 3556 1460 3598 auctor
1474 3545 1620 3598 Palladium
1640 3564 1699 3600 suae
1715 3549 1850 3615 opinionis
1868 3555 2031 3610 constituere

1211 3629 1330 3693 ridetur,
1349 3629 1422 3698 quasi
1443 3630 1599 3681 circulorum
1619 3629 1695 3682 duces
1714 3634 1753 3683 rei
1771 3633 1911 3688 directores
1929 3655 1961 3690 ex
1973 3657 2031 3692 me·

1212 3733 1238 3768 ra
1248 3712 1437 3784 comanissioae
1451 3729 1497 3764 sen
1510 3711 1674 3781 delegatione
1692 3714 1861 3783 imperatoris
1880 3716 2028 3775 facultatem

1210 3798 1358 3868 exequendi
1385 3797 1528 3861 haberetne,
1547 3815 1577 3850 en
1603 3798 1674 3850 enim
1701 3801 1854 3867 supposito,
1880 3802 2028 3872 imperator

1210 3881 1422 3934 commissionem
1443 3899 1513 3934 suern
1535 3898 1670 3945 revocare,
1690 3892 1716 3935 et
1734 3885 1795 3936 aliis
1813 3889 1959 3954 exequendi
1979 3910 2031 3960 po·

1212 3979 1331 4024 testatem
1350 3968 1469 4038 delegare
1486 3975 1581 4035 posset.
1600 3969 1670 4022 Huic
1694 3969 1774 4024 dubio
1798 3981 1827 4024 nt
1843 3987 2028 4042 occurrerem,

1207 4056 1285 4122 posit.
1299 4055 1324 4104 3.
1337 4062 1362 4104 er
1380 4052 1405 4102 l.
1418 4052 1612 4116 demonstrari,
1627 4068 1678 4104 nou
1694 4070 1725 4106 ex
1739 4055 1881 4107 noluntaria
1901 4061 2027 4113 coturnis-

1211 4142 1300 4200 sione,
1314 4135 1356 4188 sed
1376 4135 1477 4202 iegibus
1495 4145 1520 4186 et
1539 4135 1625 4204 pactis
1643 4137 1754 4206 publicis
1766 4140 1807 4204 jus
1819 4141 1963 4209 exequendi
1979 4144 2026 4196 dc·

1210 4221 1340 4291 pendere,
1359 4228 1384 4270 et
1403 4218 1466 4268 hinc
1485 4218 1512 4268 in
1529 4218 1608 4282 posit.
1632 4217 1657 4270 Β.
1674 4221 1797 4284 ostendi,
1818 4222 1884 4276 bane
1908 4237 2026 4292 potesta·

1211 4318 1261 4359 tem
1279 4299 1362 4372 quoad
1382 4301 1494 4353 circulos
1513 4318 1633 4353 corumre
1652 4301 1729 4354 duces
1747 4305 1786 4356 rel
1806 4304 1951 4358 directores
1970 4327 2027 4362 non

1210 4405 1264 4446 esse
1282 4385 1442 4454 delegatam,
1461 4381 1504 4434 sed
1525 4383 1701 4448 ordinariam,
1721 4405 1801 4456 eaque
1826 4399 1932 4458 propter
1951 4393 2030 4456 juxta

1208 4473 1287 4537 posit.
1305 4471 1330 4521 li.
1348 4467 1518 4539 imperatoris
1531 4465 1642 4520 arbitrio
1662 4486 1713 4522 non
1733 4470 1894 4526 mutandam·
1908 4473 2031 4528 Admitto

1211 4571 1272 4622 ergo
1296 4552 1509 4606 commissionem
1538 4551 1721 4622 imperatoris,
1740 4554 1799 4622 quia
1824 4559 1879 4622 ejus
1903 4560 2031 4614 rnxttdata

1214 4636 1399 4690 executoriaiia
1417 4633 1561 4708 accedunt,
1582 4634 1625 4687 sed
1645 4648 1797 4705 perpetuam
1818 4639 1890 4689 iilam
1910 4657 1968 4694 esse
1986 4643 2032 4692 di-

1211 4737 1240 4774 cc
1248 4757 1256 4786 ,
1270 4732 1294 4773 et
1307 4719 1492 4780 neeessariam,
1506 4734 1554 4768 nec
1571 4717 1682 4772 arbitrio
1695 4721 1863 4789 imperatoris
1875 4723 2031 4789 sntjemam.

1213 4805 1284 4874 Quae
1303 4804 1330 4856 r'n
1340 4803 1392 4870 fin.
1404 4821 1458 4870 cup.
1470 4801 1579 4868 subjicit
1597 4801 1629 4854 de
1648 4803 1748 4856 sublato
1768 4804 1875 4873 imperii
1895 4807 2031 4873 regimen-

1214 4901 1253 4954 to,
1272 4897 1299 4943 et
1317 4892 1371 4956 ejus
1389 4896 1518 4956 potestate
1535 4884 1567 4937 ad
1586 4887 1770 4957 imperatorem
1790 4905 1908 4954 reuersa,
1929 4903 2033 4944 sentcn-

1213 4973 1275 5028 tiarn
1297 4983 1411 5026 nostram
1432 4987 1483 5023 non
1503 4971 1652 5022 invertunt:
1672 4979 1771 5024 tantum
1797 4973 1870 5023 enim
1889 4971 1921 5025 ad
1940 4972 2031 5041 impe·

1212 5068 1323 5113 retorem
1348 5075 1479 5114 reuersum
1502 5057 1632 5123 admitto,
1650 5067 1776 5128 quantum
1799 5076 1846 5130 per
1870 5072 1939 5130 pacta
1963 5079 2028 5114 curu

1211 5145 1321 5198 statibus
1341 5155 1425 5213 postea
1450 5159 1501 5195 non
1528 5142 1695 5196 restrictum:
1716 5157 1840 5214 quorsum
1863 5145 1921 5198 sine
1946 5141 2031 5200 dubio

1210 5229 1296 5284 lorica
1314 5226 1478 5284 executionis
1497 5227 1622 5298 pertinet,

339 5313 428 5373 postea
449 5305 475 5356 in
497 5308 554 5376 ipso
574 5317 645 5358 textu
663 5305 748 5361 denuo
774 5322 936 5378 repetuntur.
960 5314 1018 5368 lmo
1037 5318 1091 5382 jem
1113 5337 1157 5370 ao·
1233 5363 1235 5368 .

294 5435 296 5440 ,
341 5397 384 5439 tea
404 5388 431 5438 in
451 5405 544 5442 reeens.
558 5392 696 5444 trevirensi
709 5403 734 5446 et
743 5393 892 5446 coloniensi
905 5397 936 5448 rle
948 5417 1021 5452 curro
1038 5401 1117 5452 1512.
1135 5409 1155 5465 §.

342 5471 507 5539 desgleiclren
522 5475 544 5526 ll.
561 5477 615 5544 pari
636 5475 824 5545 perspicuitate
836 5476 991 5549 dispositum
1003 5503 1009 5532 ε
1023 5483 1065 5537 die
1077 5489 1157 5539 Ilou-
1174 5549 1177 5556 ,

339 5557 439 5624 pilente
457 5559 543 5610 sollers
566 5559 611 5608 urit
634 5560 843 5632 l'ollerzzt'elrnrrg
858 5563 906 5614 cler
928 5567 1034 5630 lthlrel,
1055 5588 1084 5621 ro
1113 5589 1157 5622 am

342 5637 597 5700 ,llamnrrr-Gerr'rlrt
613 5647 793 5716 gesproclrcn,
806 5649 864 5704 uutl
882 5649 909 5701 in
930 5652 987 5705 r'lrre
1004 5651 1101 5723 Krcffl
1111 5673 1156 5724 ge·
