4414 6188
404 294 441 353 ’10
950 281 1330 343 21821121210
1373 283 1426 339 111.
1491 327 1494 334 .
1935 273 1978 332 bb

349 388 520 447 eoutrerinm.
537 384 675 453 Breviter,
694 387 851 456 insteesnse
863 380 1042 452 justismodis
1054 392 1092 437 est
1104 399 1166 454 pro·
1217 397 1275 436 esse
1292 377 1511 446 enomereudem,
1529 374 1593 433 inde
1610 379 1664 449 lem
1682 371 1778 432 Penius
1795 374 1825 431 iu
1848 373 1869 429 i.
1894 373 1920 429 ei
1934 372 2033 430 uetes

346 472 499 545 pugnends,
518 480 677 541 neque'sout
696 465 815 520 iseieude
829 465 910 531 meis,
926 473 957 518 ut
970 462 1034 517 inde
1044 465 1167 519 evenient
1214 463 1259 516 10.
1267 463 1310 532 ff.
1329 466 1390 518 eod·
1409 461 1510 518 deeidit
1534 477 1621 517 cesum
1641 461 1674 515 de
1692 462 1803 515 muliere
1821 459 1851 513 iu
1870 460 1928 528 jore
1946 458 2032 510 iuter·

352 555 430 610 none.
447 553 546 610 conice.
568 553 670 620 Berpsi.
687 550 733 604 cit.
751 551 771 603 i.
788 549 823 602 iit
841 549 892 600 buc
909 548 990 601 etiem
1013 547 1100 601 tendit
1129 549 1166 612 iu·
1213 556 1303 615 engeis
1322 557 1347 600 et
1364 547 1513 600 mentiente
1530 564 1558 601 se
1578 546 1716 602 beerederu
1735 561 1809 608 esse,
1826 543 1896 613 qnod
1923 541 1972 594 boc
1989 557 2033 595 ne·

347 648 497 693 rumentum
519 637 666 690 miumnise
683 633 823 703 qenersie,
850 630 895 684 obi
922 647 982 682 rens
1007 629 1167 700 promittere
1213 645 1244 682 sn
1262 646 1315 683 uon
1336 629 1522 684 intercessisse
1540 630 1626 682 sideri
1645 629 1754 691 debent,
1770 625 1833 696 quie
1851 623 1975 694 decipere
1992 639 2034 677 eo·

241 758 245 768 ι
347 720 442 785 debet,
461 737 491 774 se
509 719 708 788 interrogatum
727 714 869 768 ueritatem
887 715 1038 768 dicturusne
1056 713 1167 766 itseero
1214 711 1279 776 tuit,
1298 711 1368 765 nude
1384 712 1505 782 qnemeis
1530 711 1560 763 iu
1584 710 1677 768 eiicctn
1701 706 1904 774 intercesserit,
1929 705 2035 760 emittis

349 802 500 874 perjurium
519 801 715 864 committeret,
733 797 757 850 si
776 814 824 867 pro
842 794 996 850 deteostooe
1014 812 1059 847 sue
1078 787 1167 847 iiceret
1215 804 1305 848 tsmeu
1325 791 1484 847 beneficium
1503 810 1596 846 mom.
1614 791 1759 847 conieci.
1780 791 1823 842 00.
1839 805 1881 856 pr.
1903 786 1964 842 end.
1982 787 2035 848 tte·

351 885 477 940 mesniri.
495 885 553 937 imo
570 884 638 954 quod
659 889 740 954 ceput
758 881 795 932 rei
814 889 869 944 est,
889 889 941 933 tots
960 878 1089 947 obligetio
1114 879 1167 932 iiti-
1214 895 1266 948 que
1283 876 1475 932 dimetientes
1492 879 1617 946 juesutnr
1634 877 1653 929 i.
1671 877 1715 928 20.
1736 874 1797 929 sod·
1813 889 1880 944 quse
1896 871 2036 926 commode

347 969 468 1040 gentium
489 967 521 1020 ed
541 968 676 1023 ceritatem
696 964 835 1018 diceudem
853 981 884 1017 eo
902 965 960 1031 ipso
979 963 1167 1028 destrueretur,
1215 961 1302 1033 eecipi
1322 969 1410 1032 potest
1428 962 1462 1015 de
1478 970 1653 1016 concurrente
1678 960 1740 1016 doio
1764 959 1852 1031 ipsius
1875 958 2034 1013 creditoris.
2060 964 2063 975 '

350 1069 412 1106 cnm
432 1066 535 1120 semper
552 1049 669 1120 quilibet
688 1046 890 1117 prsetenderet,
909 1061 938 1098 se
955 1047 1052 1113 instem
1072 1047 1168 1100 bebere
1214 1046 1266 1102 sid.
1283 1046 1444 1100 Gotboired.
1460 1046 1490 1100 in
1505 1058 1563 1100 reos.
1582 1046 1622 1100 nd
1637 1048 1683 1099 cie.
1701 1046 1719 1096 1.
1737 1045 1779 1099 iit.
1797 1061 1833 1096 ns.
1850 1061 1902 1115 quo
1913 1041 2036 1098 mendo-

350 1151 474 1198 ansero,
494 1134 550 1185 imo
566 1133 708 1204 siiqusndn
727 1133 831 1184 incente
850 1128 932 1182 nimis
958 1131 1007 1182 boe
1030 1129 1083 1183 sibi
1109 1149 1166 1200 per·
1213 1131 1256 1184 los
1271 1145 1331 1183 curn
1350 1130 1411 1185 doio
1429 1129 1645 1200 compenssudus.
1665 1129 1706 1182 De
1722 1127 1842 1182 debitore
1860 1125 1906 1180 dd.
1924 1127 2037 1179 turem

351 1215 495 1279 soerleret,·
513 1216 602 1284 iteqne
619 1212 667 1267 sub
694 1212 743 1264 boc
769 1213 862 1283 clypeo
888 1211 1024 1265 mendonis
1048 1211 1167 1280 qnotidie
1214 1215 1367 1288 disputent,
1385 1228 1471 1270 utrum
1492 1215 1514 1268 si
1533 1214 1772 1284 extrsjudicieiiter
1790 1211 1936 1266 mentietur
1953 1223 1980 1265 et
1997 1225 2037 1265 ss·

350 1297 460 1352 citiores
478 1308 602 1371 cuperent
621 1297 738 1363 cedices,
758 1314 824 1368 quse
841 1301 978 1368 emputere'
995 1294 1083 1366 potios
1102 1311 1166 1350 ooo·
1215 1313 1300 1364 seret,
1318 1318 1347 1355 se
1364 1301 1435 1353 nihii
1454 1299 1567 1367 debere,
1585 1299 1688 1353 emittet
1706 1293 1836 1350 beneficis
1862 1294 2036 1349 debitorum.

353 1382 445 1436 eeuit.
703 1377 706 1382 ’
1217 1383 1347 1454 Equidem
1365 1383 1495 1437 iisttbiss
1513 1384 1546 1438 de
1564 1383 1669 1438 ntfltos.
1693 1380 1773 1435 decis.
1798 1379 1859 1434 170.
1884 1387 1911 1432 ct
1936 1379 1996 1433 not.
2020 1394 2037 1432 e

388 1460 414 1534 5.
432 1465 476 1520 18.
495 1465 580 1536 Quem
600 1464 789 1534 obtipstiouem
815 1463 901 1534 itsqne
925 1465 967 1532 jus
992 1471 1100 1517 uetuere
1124 1461 1169 1514 bie
1216 1471 1283 1522 Vsu,
1301 1468 1521 1523 pothone-1,
1543 1466 1572 1520 td
1591 1466 1825 1529 meantesque,
1845 1460 1976 1516 Μωιηω
1998 1459 2037 1516 te·

356 1548 462 1602 induxit
477 1560 505 1603 et
523 1552 563 1616 ius
582 1549 703 1602 divinum
722 1547 906 1614 coufirmeeit,
931 1565 990 1602 esen
1009 1564 1112 1617 quoqne
1129 1549 1170 1615 jus
1216 1550 1257 1620 gie
1275 1552 1322 1605 hie
1339 1559 1493 1620 ergucntese
1511 1549 1555 1603 sed
1568 1547 1629 1601 siiis
1646 1547 1779 1604 contueris
1797 1545 1926 1600 meientis
1939 1542 2039 1618 plseoii

240 1680 252 1709 ,Ι
354 1643 473 1685 nostrum
492 1632 571 1684 ciuile
589 1633 686 1684 merito
704 1632 844 1701 resumpsit
863 1641 889 1686 et
911 1630 1014 1700 iegibus
1038 1631 1094 1684 suis
1118 1645 1170 1682 cnr·
1216 1653 1282 1705 qnne
1301 1635 1392 1690 ridere
1411 1635 1475 1688 ttees
1495 1631 1565 1704 spnd
1585 1632 1671 1688 zebn.
1689 1628 1914 1688 demendaeiid.
1933 1629 1960 1680 2.
1977 1645 2039 1699 cop.

353 1715 504 1771 roboreris.
523 1716 607 1784 Quem
625 1715 700 1768 enirn
715 1713 833 1768 tetinero
850 1725 885 1769 tot
899 1715 1172 1782 constitutionespoe·
1219 1718 1264 1770 22.
1291 1736 1318 1772 n.
1337 1721 1363 1771 1.
1389 1718 1452 1788 ipse
1471 1715 1579 1787 quidem
1607 1715 1726 1769 Zsboins
1752 1713 1823 1767 uibii
1848 1711 1967 1779 decidit,
1990 1713 2038 1767 sed

354 1803 430 1855 ostes
450 1802 478 1853 iu
497 1802 656 1854 mentientes
673 1803 874 1866 constituisset,
894 1800 947 1852 nisi
966 1799 1103 1868 diiigenter
1119 1797 1165 1850 nb·
1219 1801 1475 1871 meritoreoipieude
1489 1800 1594 1851 ridetur
1606 1795 1952 1865 seutentieeibrmsntium,
1964 1798 2045 1867 quie,

357 1883 453 1952 liguros
471 1897 528 1936 esse
544 1884 575 1933 ed
595 1883 732 1936 ecriteteru
747 1883 885 1934 dicendern
897 1883 1031 1962 sciuisset.
1042 1882 1101 1946 Quo
1111 1879 1171 1946 ipso
1218 1884 1258 1934 uti
1276 1883 1497 1950 subseqnentibus
1516 1880 1711 1946 nsoter-bime,
1736 1881 1847 1934 omuino
1871 1881 1968 1934 isisnrn
1994 1887 2037 1934 est

354 1966 470 2021 deducor
489 1967 518 2019 iu
537 1965 643 2018 mcoudi
660 1975 687 2020 et
706 1965 780 2017 tertii
800 1965 914 2016 membri
932 1962 1170 2030 expleuetinnem,
1218 1975 1346 2019 essentum
1364 1979 1505 2018 commuue
1520 1963 1576 2028 dd,
1601 1963 1734 2017 meodeeii
1754 1981 1850 2036 poenes
1866 1974 1941 2018 extre
1960 1979 2037 2020 meus

354 2062 509 2106 ostensurus
527 2066 603 2104 cesos
618 2086 625 2113 ,
643 2048 689 2102 nbi
710 2049 738 2101 iu
756 2050 814 2116 jure
832 2048 904 2100 eisiti
924 2044 1090 2100 menducium
1117 2055 1169 2099 tem
1218 2047 1247 2100 in
1266 2049 1323 2115 jure
1340 2063 1481 2116 expressos
1500 2061 1553 2100 oon
1572 2047 1884 2101 esseextendeodes.1it
1902 2065 1965 2101 sene
1979 2049 2038 2101 noi·

355 2137 384 2190 iu
403 2136 512 2205 judiciis
529 2153 608 2206 qoem
627 2143 702 2188 extre
721 2133 850 2201 judicium
869 2133 951 2186 seriis
970 2129 1057 2185 modis
1075 2139 1114 2184 est
1126 2148 1172 2200 pu·
1217 2130 1274 2183 ium
1293 2130 1461 2184 commodius
1480 2129 1628 2184 remedium
1647 2130 1681 2183 ed
1699 2130 1873 2184 reirsenende
1897 2129 2037 2186 meudecie

353 2222 460 2275 eitum.
479 2219 557 2291 Quod
575 2217 784 2283 extrejudieirdie
804 2218 940 2271 meodecie
964 2217 1083 2278 ettinet,
1101 2216 1171 2270 escis
1218 2213 1368 2268 debitorum
1389 2214 1506 2268 inueniri
1527 2227 1625 2284 potest,
1642 2233 1703 2271 mrsu
1724 2226 1813 2269 temen
1831 2215 1901 2268 niirii
1914 2213 2039 2287 frequen·

352 2311 495 2356 occurrunt
512 2303 634 2370 exempto
655 2301 683 2352 iu
709 2298 907 2366 contuentibus,
933 2316 958 2354 e.
984 2317 1008 2368 g.
1035 2300 1174 2370 emptione
1220 2296 1274 2350 tius
1289 2298 1409 2352 occidere
1428 2299 1526 2363 soient,
1546 2315 1624 2370 queue
1644 2300 1733 2354 debite
1750 2301 2041 2370 contrectsoeg'eeiei

355 2383 517 2449 eruditione,
529 2384 573 2437 n'oi
592 2386 661 2454 teges
678 2391 867 2438 concesserunt
883 2382 1014 2437 notionem
1034 2384 1118 2453 empti
1138 2382 1172 2435 eti
1219 2382 1256 2435 ite
1276 2380 1404 2436 creditori
1425 2381 1573 2436 molestism
1591 2383 1676 2436 cresci
1694 2402 1709 2437 e
1727 2381 1902 2445 debitoribus,
1921 2383 2040 2452 dijudi-

353 2466 490 2533 interesse,
507 2469 577 2538 qnod
596 2469 730 2539 deceperit
742 2469 865 2523 eeuditor
876 2477 1031 2539 emptorem.
1045 2467 1064 2520 1.
1077 2467 1172 2521 Joir'n·
1222 2463 1266 2518 cio
1284 2473 1311 2518 et
1327 2462 1370 2518 liti
1390 2463 1527 2534 emisignee
1545 2479 1574 2517 se
1591 2465 1760 2520 summittere
1778 2474 1907 2522 tenentur.
1925 2466 1999 2520 titos
2010 2473 2039 2522 et

354 2565 406 2602 esus
425 2549 470 2601 1³.
487 2555 509 2612 ς.
529 2548 555 2600 i.
572 2561 599 2602 et
616 2550 643 2601 0.
661 2550 695 2602 rie
706 2559 758 2603 oct.
777 2559 858 2619 empt.
878 2550 953 2604 erud.
972 2549 1027 2602 imo
1040 2557 1066 2602 et
1078 2566 1109 2602 eo
1121 2565 1169 2603 oo·
1223 2549 1327 2603 similes
1345 2557 1375 2602 nt
1393 2547 1439 2600 bio
1457 2563 1511 2600 non
1531 2556 1636 2618 tertqsm
1653 2565 1737 2602 essue
2020 2557 2025 2568 ·

354 2632 428 2685 mine
445 2649 479 2686 sx
497 2632 619 2688 sedititio
635 2633 724 2688 edicto
741 2635 782 2705 egi
802 2621 951 2705 poteren'i.
971 2635 1014 2687 17.
1040 2635 1064 2701 ς.
1083 2633 1126 2684 20.
1147 2643 1173 2686 es
1256 2631 1279 2703 5.
1299 2633 1343 2686 20.
1364 2631 1495 2702 Inprimis
1512 2649 1573 2688 ecco
1590 2632 1660 2702 teges
1673 2647 1772 2702 poenes
1784 2629 1917 2686 meudeeii
1929 2645 2038 2703 exaspe-

354 2717 399 2770 10.
418 2719 461 2770 12.
480 2717 513 2771 de
528 2716 607 2772 ordii.
618 2717 695 2772 edict.
707 2718 827 2772 Pertinet
842 2718 893 2770 buc
907 2717 971 2770 iliud
983 2736 1087 2790 qunque
1100 2734 1170 2770 men·
1220 2731 1279 2770 rere
1296 2718 1435 2770 uoluerunt
1449 2715 1477 2767 iu
1490 2716 1615 2785 precibus
1632 2715 1751 2787 principi
1763 2717 1876 2780 obietis3
1888 2733 1948 2768 cum
1964 2716 2040 2771 enim

355 2799 471 2868 decium,
489 2801 558 2871 qnod
575 2802 709 2855 summitti
730 2804 795 2856 soiet
812 2821 826 2854 s
845 2801 1025 2856 renditnribus
1037 2802 1069 2853 ed
1082 2803 1172 2854 esclo·
1220 2799 1403 2868 frequentiore
1423 2799 1484 2852 ideo
1501 2815 1608 2853 currere
1624 2800 1727 2853 soieent
1746 2799 1898 2862 mendecie,
1916 2811 1941 2853 et
1959 2801 2040 2854 simoi

354 2881 471 2937 densium
490 2894 645 2950 retrectom,
658 2885 705 2938 ubi
717 2885 787 2938 hene
801 2886 943 2955 pessimum
959 2886 1114 2956 quandoque
1125 2885 1170 2938 sd·
1218 2884 1337 2938 isedetur
1355 2885 1504 2940 reses-entis
1524 2893 1551 2938 ct
1567 2884 1741 2954 obsequium,
1758 2884 1827 2956 quod
1847 2884 1944 2938 subditi
1963 2889 2040 2958 priu-

354 2965 452 3020 isibent
469 2970 608 3032 centetum,
628 2977 656 3020 ut
675 2971 759 3037 noejus
778 2969 893 3038 pretium
913 2967 1014 3037 fingent
1029 3005 1037 3034 ,
1055 2970 1172 3039 illudque
1218 2967 1324 3035 cipibus
1344 2968 1458 3034 debent,
1477 2985 1530 3021 uon
1549 2968 1677 3037 injustum
1696 2967 1748 3022 init
1766 2985 1815 3039 pro
1836 2971 1960 3024 serietute
1985 2970 2041 3024 cir·

357 3049 541 3105 instrumento
560 3051 724 3106 venditionis
742 3051 825 3106 inseri
839 3063 941 3106 curent.
955 3055 1087 3124 Qtsocesn
1100 3071 1171 3106 meu·
1220 3051 1437 3105 cumetentisrusu
1456 3051 1530 3105 serie
1549 3067 1693 3122 posueruut
1712 3068 1806 3120 genere
1827 3050 1871 3105 bic
1889 3051 2042 3107 introduce-

356 3133 429 3185 tiens
447 3149 554 3187 omnem
573 3135 661 3206 perdit
686 3135 715 3186 in
741 3136 815 3189 ittem
838 3138 1003 3208 emptionem
1028 3153 1169 3207 “pensem
1219 3151 1264 3188 re.
1281 3135 1454 3190 Generaliter
1474 3137 1545 3206 teges
1572 3146 1758 3191 concesserunt
1783 3133 1964 3214 exceptionem
1990 3137 2040 3190 suis

357 3218 518 3286 pecuniem,
535 3229 564 3272 et
581 3238 595 3272 e
614 3217 678 3273 iiseo
696 3219 862 3286 vindicetur,
881 3224 919 3275 its
938 3232 965 3277 ut
980 3223 1015 3276 ob
1034 3224 1083 3274 hoc
1100 3241 1170 3276 men·
1218 3227 1245 3271 ei
1261 3217 1434 3289 obreptionis,
1452 3237 1519 3290 quse
1537 3220 1618 3273 etium
1638 3221 1758 3290 exceptio
1777 3217 1907 3273 meudecii
1927 3229 2039 3291 propte-

357 3298 465 3354 decinm
486 3301 547 3371 ipse
564 3311 711 3356 retrectans
728 3319 785 3356 rem
805 3305 889 3374 pretis
906 3305 1036 3360 obtineat.
1057 3305 1109 3358 rid.
1127 3309 1170 3360 io·
1218 3319 1261 3356 ree
1279 3301 1387 3358 dicitur.
1408 3302 1463 3360 eid.
1480 3305 1499 3354 1.
1511 3305 1538 3356 2.
1550 3301 1576 3356 si
1586 3315 1674 3359 contr.
1683 3305 1737 3373 jus.
1749 3305 1768 3357 1.
1783 3303 1846 3357 etei
1856 3303 1884 3356 in
1899 3303 1996 3372 repe.
2014 3321 2039 3359 c.

356 3384 416 3439 doe.
435 3387 640 3441 Dembouderus
658 3387 685 3441 in
709 3400 795 3458 prnct.
813 3389 889 3442 cinit.
906 3407 967 3456 cop.
992 3391 1054 3442 200.
1081 3407 1108 3444 ιι.
1126 3391 1170 3444 20.
1218 3385 1349 3455 ιοᾰ.ιαρ.
1362 3388 1570 3459 sedernpostoi.
1590 3389 1633 3443 10.
1653 3387 1748 3460 infin.
1769 3407 1799 3441 m.
1819 3388 1853 3441 de
1870 3387 1995 3456 rescript.
2013 3399 2041 3444 et

355 3469 401 3523 en.
421 3471 486 3525 iude
502 3488 605 3542 quoqne
623 3483 783 3526 censuerunt
801 3474 888 3542 teges,
914 3475 947 3527 de
971 3475 1030 3528 doio
1054 3473 1169 3529 dentium
1218 3488 1276 3544 cup.
1290 3473 1334 3524 20.
1347 3473 1405 3526 eod.
1424 3473 1584 3526 Ducentem
1602 3471 1712 3526 effectus
1731 3472 1982 3544 buinsexceptinuis
1996 3474 2040 3526 in-

357 3571 416 3610 esse
441 3553 572 3621 iudieinm
597 3565 687 3609 contre
711 3573 786 3624 eum,
811 3557 856 3627 qui
881 3557 993 3610 citerius
1018 3555 1171 3627 decipiendi
1220 3555 1317 3626 primis
1337 3566 1397 3622 est,
1412 3555 1482 3627 qnod
1502 3554 1618 3612 mendex
1644 3567 1765 3629 precetur
1789 3557 1860 3610 nihii
1885 3565 1963 3626 eget.
1982 3555 1999 3609 i.
2017 3557 2056 3623 si,

358 3635 443 3706 gretie
462 3637 542 3690 etium
563 3637 629 3691 ieisu
648 3638 774 3692 ieudesit.
792 3640 811 3691 1.
823 3639 921 3711 quodsi
937 3641 964 3692 8.
980 3639 1015 3694 rie
1032 3641 1087 3694 rici.
1106 3643 1171 3697 mni.
1218 3641 1279 3709 quis
1295 3641 1400 3711 obreps.
1420 3641 1464 3694 20.
1480 3640 1523 3710 ffi
1543 3642 1582 3697 nd
1597 3642 1616 3696 1.
1632 3658 1711 3704 corre.
1734 3641 1769 3694 de
1783 3639 1856 3710 scic
1884 3640 1923 3694 ite
1951 3648 1979 3692 ut
1998 3655 2040 3692 re·

358 3719 438 3789 Quod
456 3721 541 3773 etiem
554 3721 587 3774 eci
600 3720 843 3776 commendationes
861 3722 965 3777 rioiosss
983 3733 1010 3777 ct
1028 3727 1170 3794 persoesio·
1219 3724 1317 3795 scripte
1334 3725 1443 3796 quidem
1461 3726 1636 3793 pertinerint
1654 3726 1714 3794 ipso
1731 3719 1788 3791 jore
1808 3721 1899 3787 coiis,
1917 3721 2040 3790 justitiee

359 3819 407 3856 nes
427 3800 577 3856 mcudeciis
603 3806 693 3872 pieuss
719 3803 937 3860 extendendum.
961 3804 1015 3862 eid.
1037 3807 1121 3863 zebe.
1138 3809 1173 3864 de
1219 3825 1278 3862 sero
1295 3808 1401 3864 demum
1422 3827 1474 3880 ope
1492 3807 1674 3880 exceptionis.
1691 3805 1745 3861 eid.
1763 3805 1863 3859 iiinstr.
1882 3803 1929 3858 du.
1948 3805 2037 3858 Penes.

358 3886 447 3940 mered.
462 3887 509 3940 tit.
523 3887 549 3938 2.
560 3887 620 3956 o'srp.
635 3887 677 3942 15.
1218 3891 1331 3961 desole.
1348 3911 1424 3965 pree.
1440 3894 1531 3964 princ.
1548 3891 1604 3947 ott.
1621 3907 1682 3960 cop.
1700 3887 1724 3942 1.
1744 3907 1772 3942 ιι.
1785 3887 1831 3940 11.
1842 3903 1916 3959 sepp.
1929 3887 1975 3941 obt
1987 3889 2039 3942 boe

391 3970 413 4036 ς.
435 3970 477 4022 10.
498 3971 543 4024 sic
560 3971 642 4024 etiem
662 3987 716 4024 non
734 3969 889 4042 iuieeqneos
907 3969 936 4023 in
953 3973 1011 4039 jore
1027 3979 1084 4036 est,
1098 3988 1170 4026 men·
1219 3977 1299 4032 letius
1315 3978 1434 4050 expedit.
1453 3975 1560 4030 Deinde
1578 3973 1692 4029 mendox
1711 3981 1831 4044 precetur
1849 3985 1938 4024 curere
1960 3970 2041 4026 debet

358 4049 436 4105 decis
455 4053 667 4120 estrejudicielie
686 4055 774 4124 puniri
787 4053 932 4108 emissione
942 4051 1133 4108 beneficiorum
1148 4067 1172 4111 et
1219 4060 1328 4130 penitus
1347 4059 1508 4132 impetretis.
1526 4077 1585 4125 cop.
1604 4060 1647 4111 20.
1660 4075 1692 4110 rc.
1704 4056 1737 4109 de
1749 4055 1872 4125 rescript.
1883 4055 1932 4120 ite,
1947 4055 2041 4108 etism-

356 4135 455 4202 jnrium
476 4137 505 4189 in
523 4135 623 4204 iegibus
649 4135 712 4189 oties
738 4149 942 4190 coocmsocnm.
965 4137 1042 4192 iJnde
1061 4139 1172 4208 preside
1219 4148 1242 4199 si
1263 4147 1427 4201 menducium
1448 4146 1476 4198 iu
1493 4145 1579 4215 ntique
1597 4153 1701 4199 teutone
1730 4139 1938 4210 supplicetionis
1962 4148 2042 4209 perte

359 4221 499 4275 constituit
520 4222 647 4275 Pertinax
666 4220 696 4276 in
714 4221 734 4274 i.
753 4224 779 4274 1.
795 4240 819 4275 c.
838 4223 876 4275 nri
892 4233 938 4276 sct.
964 4239 1033 4277 mun.
1059 4220 1171 4278 biiusie·
1219 4243 1349 4294 occorret,
1370 4240 1456 4284 temen
1477 4240 1586 4301 propter
1603 4227 1693 4281 doloro
1708 4225 1842 4295 insignem
1862 4224 2040 4295 preeistseto·

359 4303 447 4356 sniis'es
465 4321 494 4358 se
513 4307 685 4358 mentientem
706 4306 924 4376 pstremismiiies
941 4318 965 4362 et
983 4307 1043 4362 ideo
1060 4319 1174 4362 mutuum
1221 4321 1276 4366 torn
1297 4314 1458 4385 rescriptum
1477 4313 1600 4378 vitietur,
1616 4319 1644 4364 ct
1663 4325 1753 4364 escere
1769 4307 1850 4364 etiem
1875 4307 1969 4361 driseut
1992 4309 2040 4363 iiio

358 4383 532 4455 recipientem
552 4388 686 4456 pecnuiem
708 4405 759 4442 nou
778 4405 853 4460 posse
877 4391 995 4459 edjueeri
1020 4392 1174 4463 exceptione
1204 4395 1374 4460 ¹cornmosio,
1395 4398 1424 4448 iu
1442 4413 1496 4466 qun
1514 4395 1563 4449 snb
1581 4404 1608 4449 et
1624 4392 1750 4465 obreptio
1766 4409 1819 4446 oon
1836 4400 1877 4446 est
1889 4391 2041 4446 commisse.

358 4467 407 4521 scti
428 4468 561 4522 macedon.
580 4469 649 4522 coni.
666 4471 686 4522 i.
704 4473 730 4526 0.
745 4490 786 4543 pr.
805 4481 833 4526 et
852 4471 1172 4543 iii·ffeod.·Exeodecn
1221 4480 1287 4549 ttyt.
1303 4479 1337 4535 eb
1356 4480 1473 4535 Ebrenb.
1492 4482 1521 4535 in
1541 4480 1668 4551 typumi.
1681 4496 1705 4532 c.
1716 4480 1742 4532 ii.
1763 4496 1792 4532 n.
1804 4477 1867 4530 tdn.
1887 4476 1997 4532 Bsrbos.
2017 4493 2043 4532 c.

359 4550 532 4604 iunrlementn
552 4550 635 4606 iniert
656 4553 786 4624 Uipieuus
806 4559 836 4607 r'n
854 4555 873 4608 i.
891 4557 941 4610 sed
955 4559 982 4611 si
997 4575 1035 4612 en
1049 4569 1130 4632 perte
1148 4560 1175 4612 1.
1223 4562 1250 4616 2.
1260 4581 1291 4616 rc.
1304 4563 1337 4618 sie
1350 4565 1472 4637 rescript.
1486 4581 1515 4618 ιι.
1528 4564 1555 4615 1.
1569 4562 1675 4616 Confer.
1688 4563 1733 4616 cit.
1744 4561 1811 4633 disp.
1824 4579 1851 4612 n.
1865 4561 1908 4612 00.
1923 4571 1949 4613 et
1967 4577 2041 4632 sepp.

360 4640 382 4697 t.
402 4638 429 4689 1.
446 4635 521 4704 quod
537 4653 598 4690 cum
616 4655 648 4690 eo
667 4639 716 4709 qui
732 4638 760 4690 iu
777 4639 859 4693 alien.
875 4647 971 4708 potest.
989 4651 1037 4694 est.
1056 4641 1125 4713 quod
1146 4639 1175 4694 n·
1223 4647 1295 4716 Quin
1313 4657 1341 4702 et
1357 4649 1502 4703 sereniores
1520 4663 1617 4719 poem
1641 4646 1669 4698 in
1693 4646 1856 4698 meiitinsum
1883 4643 2056 4712 prsecistem·

357 4715 538 4786 iinsiemiiiss,
556 4720 580 4772 si
599 4736 628 4773 se
645 4720 860 4790 pstremiemiiies
878 4723 1005 4776 mentitos
1019 4723 1056 4776 sit
1069 4724 1098 4776 in
1110 4741 1173 4778 con·
1222 4746 1279 4784 esse
1296 4730 1453 4785 eonstitutss
1470 4740 1584 4801 epperet
1601 4745 1634 4784 ex
1651 4729 1669 4782 1.
1682 4727 1780 4798 siquis
1793 4727 1898 4797 otreps.
1916 4725 1961 4777 20.
1975 4729 2014 4782 nd
2021 4727 2040 4778 1.

359 4799 489 4854 trahendo
506 4805 608 4857 emittet
627 4799 785 4858 benennon
803 4805 994 4874 competentius
1007 4805 1094 4877 ,quod
1106 4809 1172 4862 eiies
1223 4829 1301 4867 corn.
1318 4811 1434 4883 defuis.
1451 4813 1498 4866 nbi
1517 4830 1601 4885 poesse
1619 4811 1717 4882 judicis
1734 4809 1869 4873 erbitrio,
1888 4811 1983 4864 reiiots
2002 4809 2046 4862 sie

362 4879 547 4941 biiisirmiiies
564 4886 702 4955 competit.
721 4884 828 4942 Conier.
846 4889 865 4942 i.
883 4889 909 4940 0.
922 4891 983 4944 eod.
1002 4890 1132 4962 Decipere
1148 4907 1176 4944 e·
1225 4893 1316 4949 detor.
1334 4895 1407 4950 coni.
1423 4897 1443 4950 1.
1455 4896 1569 4966 puidam
1580 4900 1606 4946 1.
1626 4913 1649 4948 c.
1660 4897 1689 4947 ss'
1698 4902 1777 4962 nupt.
1798 4910 1836 4947 ee
1857 4893 1979 4964 rescript.
1995 4911 2044 4958 pe·

362 4969 421 5022 nim
441 4971 521 5024 coierit
537 4990 546 5034 ς
564 4975 616 5039 jeus
636 4981 722 5026 eutem
741 4974 801 5043 jore
818 4973 1016 5046 decipientibus
1040 4992 1093 5029 noo
1119 4992 1175 5029 sno·
1225 4989 1292 5034 tout.
1309 4981 1329 5033 i.
1346 4982 1374 5033 ιι·
1389 4998 1407 5034 n
1425 4998 1484 5034 non
1501 4979 1575 5034 riom.
1593 4979 1642 5034 uit.
1660 4996 1684 5032 c.
1702 4978 1736 5031 rie
1753 4977 1796 5032 isis
1807 4978 1855 5050 qui
1865 4997 1883 5033 n
1897 4995 1954 5031 nors
1968 4978 2047 5031 does.

363 5063 483 5108 currunt.
503 5055 522 5106 1.
534 5055 562 5107 2.
574 5063 597 5118 ς.
610 5055 634 5108 2
648 5055 681 5110 ‹te
694 5055 795 5112 minor.
813 5073 846 5110 ex
865 5076 917 5129 qno
935 5057 1073 5129 principio
1091 5057 1176 5128 impe·
1226 5063 1245 5116 1.
1260 5063 1415 5134 suppiicnre
1433 5062 1459 5115 2.
1476 5080 1501 5116 c.
1520 5073 1551 5116 set
1567 5062 1615 5116 iite
1639 5061 1766 5138 pendent.
1790 5061 1807 5114 1.
1836 5060 1864 5114 i.
1886 5057 1947 5113 red.
1970 5060 2042 5114 coni.

363 5148 462 5191 ratores
479 5137 492 5192 i
494 5155 508 5192 s
522 5139 541 5191 i.
555 5139 581 5191 2.
594 5157 618 5192 c.
629 5141 655 5191 ιι·
666 5142 730 5194 mr'u.
743 5157 773 5194 se
783 5141 881 5211 mojor-
895 5141 951 5195 die.
970 5141 1088 5196 inierunt
1103 5173 1114 5206 ‚
1128 5142 1177 5194 sui·
1224 5146 1347 5200 iienncb.
1360 5147 1395 5202 de
1405 5145 1602 5218 erditrnnjud.
1614 5153 1717 5214 penest.
1729 5141 1785 5197 er'ss.
1798 5142 1861 5196 011.
1872 5139 1899 5197 ri.
1911 5143 1939 5196 0.

362 5237 454 5276 norem
473 5239 526 5277 non
545 5240 603 5278 esse
619 5224 826 5292 restituendum,
843 5226 891 5298 qni
910 5225 996 5279 istteei
1016 5227 1122 5297 mejoris
1135 5244 1176 5280 ee·
1259 5239 1281 5295 ς.
1300 5231 1346 5285 21.
1372 5229 1521 5302 diiquendo
1546 5228 1628 5284 etiem
1653 5226 1817 5282 menducium
1843 5227 2043 5296 extrrjodiciste

361 5305 426 5358 tetis
446 5307 583 5360 mendacio
600 5308 713 5362 eiternm
738 5307 861 5378 decipere
886 5325 963 5362 snsns
988 5309 1054 5364 fuit.
1076 5309 1176 5365 conice.
1224 5313 1252 5365 in
1271 5313 1403 5384 peculiere
1421 5311 1513 5366 trsnsit
1530 5311 1667 5373 delictum,
1675 5309 1754 5382 snisi
1768 5308 1871 5364 scilicet
1885 5311 1925 5364 rei
1938 5313 2044 5366 1111110-

360 5387 379 5438 1.
393 5387 435 5438 31.
450 5386 478 5442 io
486 5387 541 5458 fin.
553 5390 587 5446 de
600 5391 697 5445 minor.
716 5389 789 5444 idern
807 5391 859 5458 jem
873 5391 1058 5461 eppiiceudum
1072 5393 1104 5446 ed
1118 5391 1174 5446 ioe·
1222 5408 1319 5464 nutus,
1337 5395 1406 5450 cete.
1425 5394 1529 5465 Bergsi.
1547 5394 1581 5449 de
1600 5393 1664 5450 doto
1683 5393 1729 5447 iiis.
1748 5393 1774 5446 0.
1793 5409 1818 5446 c.
1836 5392 1880 5446 10.
1901 5393 2043 5463 1111101
2065 5418 2069 5424 ’

360 5475 457 5536 mines,
476 5491 542 5542 quse
559 5474 625 5528 eiies
642 5476 765 5543 ineuntur
783 5485 837 5530 ecto
851 5477 1002 5546 neliejeno,
1021 5477 1066 5530 sed
1087 5489 1174 5532 temen
1221 5485 1248 5532 et
1268 5480 1317 5532 boo
1334 5479 1436 5531 iutuitu
1458 5495 1508 5549 pro
1525 5479 1653 5548 peritur
1670 5473 1931 5530 circumsteotierum
1951 5475 2043 5546 puniri

358 5565 386 5609 et
405 5555 438 5610 de
457 5557 498 5611 bis
517 5558 594 5612 dirus
613 5561 676 5614 Pius
694 5571 719 5615 et
737 5561 848 5616 Severus
867 5562 1059 5632 rescripserunt
1076 5559 1106 5613 in
1118 5562 1136 5613 i.
1149 5560 1173 5612 2.
1222 5563 1297 5616 solet.
1315 5561 1347 5616 Et
1365 5577 1428 5616 sero
1445 5561 1474 5615 in
1494 5562 1629 5632 plerisque
1646 5559 1789 5632 speciebus
1807 5559 2036 5613 criminissteiiin

355 5647 378 5702 ς.
400 5641 425 5694 3.
445 5640 485 5695 nd
500 5653 583 5698 sctum
603 5644 730 5717 ueiirjrn.
756 5641 873 5716 deceptis
897 5661 950 5698 oon
975 5643 1172 5716 decipientibus
1223 5654 1301 5701 uetus
1320 5644 1486 5702 mresdeeinm
1506 5644 1611 5717 eliquod
1631 5645 1763 5715 occurrit,
1783 5643 1863 5703 eeiuti
1882 5645 1930 5715 qui
1948 5660 1977 5697 se
1998 5641 2043 5695 di·
