4398 6212
731 326 1063 422 DISPUTATIO
1085 317 1354 398 vrflnstrta
1376 307 1602 390 OCTAVA

365 585 469 702 uu
505 574 702 697 nouo
738 543 1308 686 concussiones
1341 535 1435 654 un
1469 506 1979 644 uunoounnns

574 787 577 793 ’
830 809 1068 934 uonna
1101 786 1551 926 nuururun,

955 1082 989 1125 D.
1021 1076 1105 1122 suast
1132 1067 1215 1116 mlo
1238 1061 1388 1108 uocetur.

971 1259 1167 1294 aaaaaa
1187 1253 1362 1296 „3522

531 1429 713 1504 WOLFF.
738 1421 973 1495 LlEBttatttt
995 1419 1061 1489 DE
1084 1416 1350 1496 cnssurznrt,
1376 1409 1556 1502 EQnrrrt
1579 1403 1823 1475 saxonico.

885 1729 894 1745 ·
931 1709 1428 1750 w·

958 1909 1406 1986 INGRESSUS.

292 2245 296 2266 ⁸
349 2175 604 2304 Romanorum
622 2244 688 2290 non
704 2229 851 2304 tantum,
864 2217 923 2290 sed
937 2234 971 2286 et
983 2219 1145 2308 majorum
1161 2229 1349 2289 nostrorum
1365 2211 1403 2278 in
1418 2203 1598 2278 Germania
1616 2197 1798 2272 sollicitudo
1819 2194 1886 2262 luit
1907 2194 2017 2260 mari-

347 2342 412 2402 ma,
427 2329 462 2384 ut
475 2315 643 2406 providam
659 2312 803 2380 familiae
819 2334 896 2378 suae
912 2309 1139 2400 propagandae
1153 2311 1315 2382 haberent
1329 2323 1459 2386 curam,
1470 2309 1504 2364 et
1519 2296 1597 2386 ipsis
1612 2293 1654 2360 de
1670 2289 1771 2356 tratis
1788 2285 2013 2377 prospicerent

347 2407 528 2485 subsidiis,
543 2405 669 2496 quibus
684 2401 821 2492 gloriam
837 2423 853 2467 a
872 2401 1053 2491 majoribus
1069 2411 1194 2488 partam
1212 2395 1252 2469 ad
1270 2404 1410 2484 posterm
1435 2407 1635 2479 propagare,
1650 2394 1683 2449 et
1696 2379 1804 2469 gentis
1820 2399 1899 2442 suae
1917 2373 2022 2439 decus

347 2493 437 2586 apud
453 2519 541 2562 seros
559 2505 691 2583 nepotes
707 2489 873 2557 illibatum
888 2489 974 2556 tueri
1000 2503 1144 2577 possent.
1161 2487 1385 2560 Destinaruat
1404 2479 1482 2545 huic
1505 2475 1564 2540 tini
1589 2486 1637 2542 tot
1656 2465 1826 2560 splendida
1858 2459 1994 2552 praedia
2010 2508 2021 2540 ,

346 2609 453 2676 eoque
471 2585 604 2674 posteris
620 2583 678 2646 lrac
690 2580 762 2670 lege
777 2578 990 2654 addixerunt,
1008 2602 1050 2644 ue
1066 2601 1218 2668 unquam
1234 2574 1273 2644 ad
1297 2587 1528 2636 extraneorum
1555 2561 1768 2654 pervenirent
1796 2575 1937 2630 uranus,
1960 2550 2021 2618 sed

349 2687 508 2764 perpetuo
524 2673 650 2737 nomini
669 2681 702 2734 et
738 2671 807 2734 enti
825 2669 1039 2736 fundatorum
1055 2666 1277 2736 cohaererent.
1288 2660 1378 2727 ‘Inde
1393 2671 1440 2724 tot
1455 2653 1567 2722 ubivis
1582 2650 1756 2739 conspicor
1774 2656 1856 2709 runt
1872 2640 2021 2707 familiae

347 2762 609 2840 fideicommissa,
634 2757 720 2826 Ata
759 2756 941 2826 acterliclrc
957 2753 1238 2845 Stamm·Gater3
1262 2764 1312 2821 tot
1327 2751 1411 2814 bona
1429 2747 1605 2834 majoratus
1621 2754 1654 2804 et
1668 2733 1944 2826 primogeniturae
1960 2731 2021 2793 huc

346 2855 412 2918 fine
424 2852 615 2930 constituta,
630 2869 674 2914 ne
688 2864 783 2913 aucta
799 2850 943 2914 nimium
959 2845 1082 2911 familia
1101 2869 1158 2932 per
1174 2845 1383 2936 praediorum
1401 2835 1582 2902 illustrium
1597 2829 1773 2896 divisiones
1789 2821 1932 2912 dignitas
1944 2842 2019 2883 ma·

346 2947 456 3032 joram
471 2941 692 3016 minueretur,
708 2937 765 3006 sed
781 2937 832 3003 rel
849 2935 964 3002 saltem
981 2933 1070 3024 apud
1086 2937 1358 3028 primogenitum,
1374 2939 1432 2992 aut
1448 2921 1591 2989 familiae
1608 2921 1769 2985 seniorem
1788 2911 1915 2975 illibata
1933 2917 2016 2972 con-

348 3041 543 3097 servaretur.
559 3026 714 3114 Spectant
731 3025 794 3092 huc
809 3048 944 3118 quoque
960 3021 1080 3100 leuda,
1096 3048 1179 3116 qnae
1203 3037 1318 3092 vocant
1333 3041 1372 3082 ex
1385 3025 1479 3107 pacto
1491 3023 1523 3077 et
1540 3004 1747 3098 providentia
1763 3001 1939 3087 majorum,
1957 2999 2015 3060 in·

344 3119 471 3213 quibus
485 3113 722 3186 constituendis
745 3115 835 3181 nulla
851 3114 914 3182 alia
929 3113 1072 3179 intentio
1087 3113 1168 3197 fuit,
1184 3135 1282 3206 quam
1300 3124 1336 3174 ut
1350 3106 1386 3170 in
1400 3119 1595 3194 perpetuum
1618 3121 1693 3164 cum
1717 3093 1877 3182 sangnine
1894 3089 1932 3150 ad
1953 3109 2015 3174 ρο-

347 3225 446 3278 steros
462 3206 653 3288 transirent,
669 3226 730 3270 nec
745 3202 787 3268 ad
802 3204 940 3270 aliorum
955 3223 1071 3273 manus
1087 3203 1305 3293 pervenirent
1322 3192 1488 3286 Equidem
1508 3210 1575 3256 noo
1596 3187 1756 3269 diffiteor,
1781 3179 1914 3246 consilia
1936 3176 2015 3244 haec

346 3323 433 3368 mere
450 3299 590 3365 hnmana
608 3293 725 3370 suisse,
740 3315 855 3382 parum
873 3289 1101 3384 providentiae
1115 3293 1249 3360 dirioae
1262 3279 1505 3376 relinquendo,
1522 3305 1539 3345 a
1556 3300 1621 3368 qua
1639 3295 1747 3344 nmen
1758 3273 1855 3338 unice
1872 3282 2012 3364 postero

345 3414 419 3456 rum
436 3401 564 3456 aeterna
578 3384 696 3476 pariter
711 3401 742 3448 et
758 3381 923 3450 mundana
939 3379 1077 3449 felicitas
1090 3379 1276 3472 dependet:
1294 3399 1370 3444 nam
1386 3375 1422 3441 in
1439 3370 1502 3438 Dei
1512 3394 1541 3436 o.
1559 3392 1607 3432 m.
1624 3364 1757 3434 arbitrio
1773 3374 1805 3428 et
1821 3383 1921 3454 regna
1946 3365 2023 3451 ipsa¹

344 3493 439 3557 sunt,
455 3477 516 3569 qui
534 3476 611 3542 haec
625 3473 729 3540 aufert
745 3487 777 3538 et
791 3473 934 3550 confert,
949 3472 1004 3536 cni
1021 3469 1116 3552 velit,
1133 3495 1201 3538 nors
1217 3462 1497 3540 attendendo,oui
1512 3483 1550 3527 es
1564 3457 1741 3548 majoribus
1755 3453 1833 3518 hacc
1844 3454 2009 3519 destinata

345 3568 487 3636 suerint:
503 3584 644 3632 attamen
661 3584 721 3628 nec
735 3560 869 3628 disiaae
884 3559 986 3650 ipsius
1009 3559 1174 3627 voluntati
1188 3559 1388 3648 refragatur,
1403 3551 1445 3617 de
1460 3549 1665 3640 temporariis
1689 3547 1787 3612 etiam
1811 3543 1907 3608 bonis
1924 3544 2012 3606 intur

347 3670 491 3749 posteros
505 3655 690 3742 disponere,
705 3651 802 3718 modo
816 3649 876 3717 hoc
890 3651 945 3716 liat
958 3648 1022 3715 sub
1038 3653 1108 3738 ejus
1122 3649 1349 3723 invocatione,
1365 3642 1484 3732 illique
1498 3641 1604 3706 exitus
1620 3635 1760 3704 humani
1777 3633 1877 3723 liujus
1886 3631 2017 3698 arbitrii

347 3745 607 3816 commendetur.
625 3743 712 3809 Sane
728 3742 763 3807 iu
779 3737 857 3829 ipsis
874 3739 1000 3831 legibus
1017 3738 1161 3805 mosaicis
1175 3739 1218 3806 do
1233 3759 1302 3804 non
1317 3729 1499 3800 alienandis
1514 3741 1604 3796 extra
1620 3725 1782 3792 familiam
1807 3723 1859 3790 rel
1886 3717 2011 3788 tribum

348 3837 463 3916 bonis,
478 3834 532 3901 sed
549 3834 583 3898 io
602 3833 655 3899 illa
673 3829 919 3908 conservandis,
936 3851 1004 3893 nou
1021 3851 1085 3894 unc
1101 3831 1223 3895 sanctio
1237 3823 1392 3901 occurrit,
1407 3833 1441 3887 et
1456 3818 1607 3886 solemnis
1624 3817 1678 3884 ills
1695 3827 1756 3896 est,
1798 3837 1860 3880 uae
1876 3813 2018 3879 habetur

350 3951 443 3992 num.
469 3949 523 4014 27.
547 3948 585 3988 u.
604 3922 635 3984 8.
652 3937 767 4011 etseq.
784 3924 880 4009 cnjus
895 3920 940 3986 rei
957 3917 1093 4009 quidem
1111 3920 1146 3983 in
1168 3916 1335 4011 republica
1363 3909 1489 4004 judaica
1513 3905 1662 3997 specialis
1680 3839 1867 3982 redoluit,
1884 3904 2016 3968 interim

349 4035 457 4088 tamen
474 4026 607 4079 eatenus
620 4011 736 4076 merito
750 4009 790 4076 ad
807 4009 891 4099 leges
908 4011 1057 4074 mosaicas
1074 4011 1239 4097 provocari
1254 4013 1383 4095 potest,
1400 4019 1437 4065 ut
1452 3997 1658 4080 ostendatur,
1688 3993 1904 4080 provisionem
1927 3991 2019 4057 illam

350 4109 509 4196 majorum
526 4123 582 4192 per
595 4125 629 4166 se
644 4099 793 4166 illicitam
810 4121 876 4166 non
894 4123 974 4167 esse.
993 4097 1043 4164 Er
1060 4119 1129 4189 quc
1145 4095 1241 4188 porro
1252 4093 1421 4188 sequitur,
1438 4112 1497 4156 nec
1521 4087 1604 4153 sitio
1616 4083 1808 4151 vertendum
1825 4105 1916 4168 esse,
1941 4093 2024 4149 suc-'

349 4194 546 4274 cessoribns,
563 4193 589 4256 si
608 4191 678 4276 hoc,
695 4189 782 4282 quod
799 4211 837 4256 ex
853 4185 1015 4278 ejusmodi
1034 4188 1128 4254 bonis
1146 4189 1180 4252 in
1199 4184 1346 4252 lraudem
1364 4177 1559 4273 posteritatis
1574 4175 1755 4241 alienatum
1768 4220 1777 4256 ,
1790 4191 1952 4238 revocent.
1973 4175 2020 4238 Et

351 4282 393 4345 de
411 4283 469 4347 liae
487 4281 621 4347 materia
640 4280 675 4345 in
693 4277 916 4385 sequentibus
932 4277 1121 4366 speciminis
1144 4273 1315 4343 academici
1334 4273 1404 4339 loco
1421 4269 1501 4336 mihi
1519 4266 1684 4358 egendum
1700 4265 1789 4350 erit,
1806 4262 1909 4354 qnod,
1926 4275 1962 4328 ut
1980 4257 2024 4329 se

350 4372 460 4439 liciter
471 4370 638 4457 succedat,
650 4369 757 4438 divim
773 4368 921 4434 numinis
944 4366 1103 4433 auxilium
1119 4363 1257 4436 devotus
1274 4363 1422 4454 imploro.

588 4621 609 4672 S
629 4621 656 4674 U
672 4621 707 4671 ll!
721 4621 757 4672 H
772 4619 801 4672 A
819 4623 844 4674 R
861 4623 923 4674 [Δ
1215 4620 1290 4675 Mill
1301 4621 1411 4672 interere
1418 4653 1426 4680 ,
1439 4623 1528 4668 atrum
1554 4611 1627 4664 lona
1650 4611 1760 4661 noviter
1779 4604 1932 4676 aaronita,
1951 4625 1990 4660 an
2011 4624 2029 4659 a

1248 4697 1566 4778 mojoridusoccepta.§.
1586 4696 1611 4746 ’1.
1669 4709 1670 4714 ’
1910 4717 1913 4726 =

347 4791 428 4844 Bono
430 4787 565 4858 familiae
578 4786 759 4841 diversimode
768 4787 951 4855 accipiantur.
963 4792 985 4850 ς.
1001 4789 1026 4842 l.
1214 4789 1257 4842 Da
1267 4785 1403 4840 clausula:
1418 4781 1538 4834 totaliter
1549 4789 1574 4831 et
1585 4779 1706 4830 omnino.
1720 4778 1742 4840 §.
1755 4778 1781 4828 8.

351 4876 470 4943 (lainam
483 4871 653 4942 significatur
666 4870 704 4922 od
715 4890 764 4924 rros
775 4871 930 4933 pertineat?
943 4877 965 4931 ς.
979 4871 1004 4921 2.
1217 4873 1261 4924 Dc
1272 4868 1407 4922 clausula:
1424 4876 1552 4935 perpetuo
1567 4866 1599 4914 irs
1608 4861 1747 4930 infinitam
1764 4870 1811 4912 ctr-
1824 4866 1845 4921 §-
1859 4859 1884 4910 9.

346 4959 444 5012 Modus
458 4951 1097 5024 constituendifidcicommissasamilicoduplex.
1106 4953 1129 5017 §.
1139 4953 1165 5002 3.
1216 4955 1258 5007 De
1268 4952 1401 5006 clausula:
1416 4951 1490 5002 nullo
1504 4945 1593 5002 modo.
1606 4943 1630 5016 5.
1645 4946 1688 4998 10.

347 5037 571 5093 Fideicommisso
588 5054 638 5106 per
662 5035 786 5087 ultimum
811 5037 976 5088 voluntatem
1000 5033 1162 5100 constituta,
1215 5037 1246 5088 Si
1258 5015 1565 5088 testatormoraulorsrri
1582 5031 1668 5082 colam
1681 5029 1844 5082 mentionem
1859 5022 2035 5096 ficitfidei·

384 5133 447 5175 sunt
460 5120 588 5190 duplicia.
602 5119 669 5172 Alio
684 5135 818 5186 expressa.
837 5125 859 5181 ς.
870 5117 896 5169 l.
1202 5171 1203 5174 ,
1252 5117 1424 5175 commissum
1437 5115 1536 5168 exinde
1548 5113 1693 5185 colligitur.
1707 5109 1785 5182 511.

348 5207 416 5260 Alia
434 5205 528 5258 tacito.
539 5205 561 5269 §.
575 5205 600 5258 ὅ.
638 5221 641 5236 ·
1219 5203 1262 5256 De
1273 5201 1414 5256 clausula:
1429 5198 1599 5254 arssrtlrcitr.
1613 5197 1635 5262 §.
1649 5197 1691 5246 12.

346 5286 736 5355 Fideicommr'rsumfimilioe
749 5285 930 5354 exprolilitc
945 5286 1080 5340 donorum
1100 5282 1176 5340 clim.
1217 5287 1283 5341 Solo
1296 5285 1442 5348 voluntas,
1461 5294 1491 5336 ut
1503 5284 1575 5336 dono
1594 5289 1791 5334 conserventur
1815 5279 1845 5330 in
1859 5273 2033 5348 ‚limitaſs-

385 5375 498 5424 natione
523 5369 669 5424 indricitor.
690 5370 857 5438 Differentic
883 5370 955 5422 inter
978 5371 1058 5424 sardo
1083 5387 1168 5422 annn-
1254 5367 1468 5421 deicommisrnrrr
1487 5365 1629 5428 induciat.
1644 5367 1686 5416 13.
1827 5357 1830 5362 ’

366 5455 482 5510 -rictioo
495 5469 520 5510 es
544 5455 710 5518 dispositiva.
736 5453 817 5506 ilatio
843 5453 1063 5509 conservationis
1075 5451 1169 5522 fimi·
1220 5449 1518 5519 Anfidcicommissnm
1529 5447 1660 5519 familiae
1686 5447 1765 5502 ctiam
1790 5447 1828 5502 od
1850 5449 1924 5502 bono
1933 5451 2038 5517 sutura

386 5537 778 5609 licentieaprimcndo?§.6.
1252 5532 1461 5604 porrigatur?§.
1476 5534 1520 5584 rt.
