4460 6176
19 117 22 194 l

19 245 39 304 u·

19 393 23 490 l
223 377 226 384 ¹
542 467 545 476 Δ
620 355 957 442 [assensuum
985 355 1253 436 vlunsmsa
1278 349 1501 450 Quantus

285 725 291 734 Ι
388 555 823 737 ausaausa
853 513 1044 692 noua
1081 525 1746 704 nouauoraasuaa,

820 832 852 874 D·
873 831 1044 876 sumnum.
1069 827 1153 870 suso
1177 823 1302 890 peccas.

958 1005 1012 1048 rso
1029 1001 1187 1046 sacrum.
1243 969 1246 974 ’

371 1207 372 1212 κ
448 1161 584 1230 nuru.
610 1108 1168 1238 enuasrusrrucsausuu,
1192 1141 1472 1218 invocares
1496 1135 1697 1208 sources

869 1269 1274 1384 saxo-eorumne
1364 1309 1372 1320 «

803 1565 1358 1622 W·-

718 1885 777 1932 „
850 1773 1299 1896 iuousssus.

240 2018 367 2175 Quod
381 2069 547 2166 qnondam
563 2073 764 2160 conquestus
779 2056 846 2125 luit
862 2051 1017 2122 Neratius
1040 2044 1135 2114 Jctus
1151 2045 1188 2109 in
1197 2039 1225 2106 d.
1244 2037 1324 2130 ²·ff·
1337 2033 1380 2104 de
1395 2037 1535 2129 juriset
1544 2031 1641 2122 scrut.
1660 2031 1772 2120 ignor.
1791 2031 1846 2118 jus
1860 2026 1896 2092 li·

245 2179 351 2244 nisaeus
368 2186 433 2231 esse
450 2181 541 2252 posse
556 2171 587 2226 et
605 2157 748 2228 debere,
763 2148 839 2221 laeti
853 2162 962 2211 ensem
979 2133 1289 2226 interpretationem
1306 2126 1503 2218 plerumque
1519 2124 1616 2188 etiam
1634 2119 1904 2210 prudentissimos

245 2265 376 2344 fallere3
395 2253 494 2343 liujus
511 2251 556 2316 rei
574 2249 744 2316 veritatem
756 2259 860 2310 nenio
876 2233 980 2324 magis
1001 2225 1189 2328 experitur,
1212 2240 1315 2308 qnam
1340 2216 1401 2306 qui
1427 2208 1530 2280 causis
1552 2213 1588 2278 in
1618 2211 1688 2276 loro
1708 2205 1904 2298 peragendis

247 2356 398 2421 animum
415 2338 606 2432 applicavit.
623 2330 785 2424 Quamvis
800 2327 888 2392 enim
907 2335 938 2388 et
956 2319 1009 2385 liic
1025 2335 1152 2403 saepius
1167 2309 1313 2402 quaestio
1343 2321 1506 2394 recurrat,
1522 2300 1603 2393 quid
1621 2298 1704 2391 juris
1720 2293 1790 2363 sit?
1813 2301 1905 2360 aira-

245 2433 514 2510 mendislicnllas
531 2441 610 2494 tune
624 2422 810 2500 suboritur,
826 2417 851 2481 si
870 2411 991 2478 laetum
1006 2402 1209 2484 sisdubiurp,
1225 2396 1345 2485 dequo
1362 2395 1449 2460 inter
1463 2417 1497 2459 se
1512 2397 1758 2458 controvertuut
1775 2385 1908 2476 litigan-

208 2595 211 2606 .
248 2545 308 2600 tes.
326 2528 423 2596 Alius
440 2517 616 2600 lsas,alius
630 2513 707 2579 alias
721 2504 872 2598 suggerit
887 2493 1166 2572 circumstantias,
1182 2503 1213 2556 et
1231 2487 1275 2554 ita
1300 2485 1440 2564 sactum,
1464 2504 1563 2572 super
1589 2501 1652 2571 quo
1673 2475 1773 2568 judici
1793 2495 1910 2564 eogno-

250 2619 429 2698 scendum,
448 2610 550 2698 magis
566 2602 760 2680 involvunt,
773 2613 871 2688 quam
885 2589 1059 2677 explicant.
1074 2579 1202 2668 Quodsi
1221 2575 1352 2645 tandem
1368 2574 1488 2640 laetum
1507 2576 1610 2660 ipsum
1627 2565 1666 2632 ex
1685 2563 1911 2631 instrumentis

248 2705 485 2778 deducendum
501 2699 561 2780 sit,
578 2693 877 2780 completumque
892 2681 1115 2745 suboriuntur
1130 2667 1231 2736 dubia
1244 2713 1255 2754 ‚
1270 2660 1503 2758 quomodoilla
1520 2651 1784 2748 interpretanda,
1812 2666 1849 2720 nt
1861 2648 1913 2730 ,de

249 2800 395 2894 genuina
411 2786 678 2858 contrabentium
697 2780 865 2848 voluntate
881 2779 1020 2835 constet:
1036 2784 1106 2854 quo
1121 2782 1195 2826 casu
1210 2781 1285 2824 cum
1310 2753 1506 2842 conjecturis
1531 2748 1694 2814 utendum
1722 2744 1763 2809 sit
1786 2741 1911 2834 judici,

215 2905 220 2914 ·
250 2893 310 2958 sis'
321 2883 437 2952 evitari
453 2876 658 2968 palatiaque
668 2856 977 2949 minus‚omuilicet
992 2851 1139 2922 adhibita
1152 2841 1390 2936 interpretandi
1408 2833 1689 2931 prudentia,lallat
1704 2835 1913 2924 fallatur-que.

252 2975 353 3067 Quod
370 2977 395 3039 si
412 2968 546 3038 tandem
563 2965 604 3030 de
622 2963 705 3030 sacto
720 2953 967 3051 quadamtenus
979 2955 1131 3022 constet,
1158 2959 1242 3004 nora
1264 2933 1434 3002 suboritur
1451 2927 1634 3008 dubitatio,
1651 2924 1747 3014 quale
1769 2927 1819 2991 ‘us
1839 2924 1917 2990 hnic

251 3068 339 3134 laeto
354 3055 587 3156 applicandum
603 3045 667 3138 sit3
684 3073 759 3116 uam
773 3047 824 3136 jus
837 3064 878 3106 ex
894 3037 976 3103 sacto
991 3031 1089 3112 nasci,
1106 3031 1141 3094 in
1158 3025 1304 3093 confesso
1319 3033 1384 3100 est,
1398 3019 1423 3084 l.
1448 3017 1499 3085 52.
1521 3019 1553 3104 ἃ.
1578 3041 1609 3082 a.
1625 3015 1671 3105 ff.
1695 3012 1741 3080 ad
1764 2949 1787 3079 l.
1810 3013 1917 3105 aquil.

251 3181 319 3234 nou
337 3151 428 3244 quasi
443 3149 495 3236 ,jus
510 3163 585 3210 asise
601 3143 722 3210 lactum
739 3159 809 3204 nou*
822 3132 955 3206 existat,
971 3124 1025 3190 sed
1042 3117 1131 3277 quod
1148 3141 1186 3183 ex
1202 3113 1420 3206 applicatione
1434 3107 1518 3199 juris
1536 3105 1576 3172 ed
1591 3105 1713 3171 factum
1724 3105 1855 3190 saepius
1870 3106 1920 3191 ju·

253 3247 306 3312 ris
323 3249 395 3334 jam·
405 3234 576 3308 constituti
595 3239 894 3322 temperamentum
910 3213 1046 3282 invenie
1070 3233 1129 3276 ¹um
1147 3207 1207 3293 sit3
1225 3213 1263 3268 ut
1280 3204 1356 3268 liiuc
1373 3211 1499 3288 pateat,
1514 3194 1579 3261 illis
1594 3213 1694 3284 quam
1711 3193 1851 3258 maxime
1866 3215 1920 3254 ne-

252 3335 431 3404 eessariam
449 3327 528 3404 esse,
545 3339 582 3400 ut
598 3345 664 3395 nou
681 3316 722 3386 de
736 3315 800 3384 sola
819 3309 905 3404 juris
922 3304 1086 3380 doctrina,
1103 3297 1158 3364 sed
1176 3309 1210 3361 et
1224 3293 1268 3358 de'
1282 3291 1362 3382 juris
1387 3287 1603 3376 applicatione
1619 3285 1655 3348 in
1677 3293 1822 3370 tempore
1836 3280 1921 3345 solli·

214 3427 216 3434 ’
252 3427 310 3492 citi
327 3424 411 3508 sint,
429 3420 487 3508 qui
505 3411 684 3505 aliqnando
698 3407 770 3478 aliis
784 3403 824 3469 de
838 3405 910 3493 jure
925 3389 1120 3484 respondere
1137 3386 1187 3454 rel
1204 3371 1427 3476 judicantibus
1438 3374 1592 3458 assidere,
1606 3382 1663 3437 aut
1676 3370 1834 3436 clientum
1845 3392 1922 3434 carr.

255 3539 306 3582 sas
320 3512 407 3578 tueri
422 3506 577 3596 eupiunt.
594 3501 810 3590 Quapropter
824 3512 901 3558 cum
920 3497 952 3552 et
969 3479 1074 3561 mihi,
1090 3478 1148 3570 qni
1171 3494 1342 3542 cansarum
1362 3465 1545 3558 patrocinio
1562 3485 1636 3543 me,
1660 3463 1797 3552 jurante
1829 3457 1921 3544 Deo,

220 3645 223 3650 ·
255 3601 456 3692 mancipavi,
469 3587 764 3662 idem‘incumbere
779 3602 948 3657 censeam,
965 3571 1024 3638 hoe
1040 3572 1077 3636 iu
1096 3565 1256 3662 praesenti
1275 3579 1430 3652 quoque,
1446 3554 1505 3621 ubi
1533 3575 1592 3644 pro
1615 3548 1794 3618 honoribus
1815 3547 1923 3614 acade-

256 3694 351 3760 micis
363 3682 603 3777 eouseqnendis
621 3677 787 3770 publicum
805 3667 967 3775 specimen
985 3659 1150 3726 edendum
1168 3669 1231 3734 est,
1248 3643 1632 3723 observandumlcensui.
1648 3637 1839 3706 Gum‘anim
1857 3641 1925 3726 jam

257 3795 336 3848 ante
352 3763 552 3845 sexenuium
563 3772 599 3836 in
613 3765 775 3836 academia
791 3755 958 3828 Gsessensi
1002 3751 1112 3818 ublica
1129 3741 1362 3835 disputaverim
1378 3733 1419 3801 de
1443 3733 1607 3802 solutione
1626 3755 1690 3819 pro
1712 3728 1783 3794 olio
1791 3727 1922 3817 strata,

257 3874 422 3962 jamessns
437 3864 563 3949 aliquot
582 3855 736 3948 practices
753 3849 834 3915 mihi
851 3871 866 3912 a
884 3845 940 3910 dn.
966 3775 1120 3908 llrseside
1140 3836 1284 3925 benigne
1312 3826 1569 3895 communicatos
1594 3819 1732 3888 ulterius
1754 3815 1925 3883 elaboran-

256 3957 313 4026 dos
329 3956 468 4042 suscepi,
484 3971 569 4040 quos
585 3951 619 4012 iu
638 3940 801 4035 praesenti
817 3937 944 4002 lactoris
971 3925 1103 3998 candidi
1131 3923 1269 3990 arbitrio
1298 3917 1573 4002 eruditorumque
1588 3909 1730 3976 examini
1757 3907 1928 3974 submitto.

257 4050 328 4116 llos
345 4067 431 4124 vero,
445 4055 479 4108 ut
493 4039 632 4108 feliciter
646 4031 796 4106 eseuias,
811 4025 922 4090 Deum
946 4037 972 4089 t.
996 4043 1027 4086 o.
1053 4039 1096 4082 m.
1112 4011 1248 4101 supplex
1262 4009 1421 4096 imploro,
1440 4017 1477 4070 nt
1491 4003 1592 4091 gratia
1607 4022 1664 4064 sua
1679 3999 1716 4064 in
1733 3997 1792 4064 hoc
1806 4008 1840 4064 et
1854 3993 1929 4060 aliis

258 4140 398 4232 negotiis
414 4134 495 4202 meis
510 4129 609 4210 adsit,
623 4145 691 4218 qno
705 4117 814 4187 omnia
831 4114 872 4181 ad
888 4114 992 4204 ipsius
1007 4104 1143 4200 gloriam
1160 4118 1192 4167 et
1207 4096 1490 4190 proximisalutem
1509 4101 1655 4181 vergant.

542 4299 605 4356 Η
631 4295 730 4351 ⁸⁰⁸
768 4293 791 4348 1·
829 4280 850 4398 θ’
1121 4295 1226 4348 desero
1241 4281 1688 4346 mortmarinsmexBertholdo,
1706 4275 1934 4334 successerleuda·

1121 4384 1155 4433 lis
1174 4379 1303 4430 Adrianus
1321 4373 1442 4442 negsbss,
1462 4387 1490 4421 se
1509 4367 1592 4420 leuari
1606 4363 1793 4418 haereditatem
1808 4361 1879 4414 seiae
1893 4376 1934 4412 re·

283 4497 326 4550 Dc
342 4493 460 4550 versione
477 4492 505 4542 lu
525 4484 631 4539 tendum
650 4469 967 4549 quirinum-attollam
987 4483 1039 4521 non
1121 4467 1243 4527 sirium,
1257 4478 1296 4524 eo,
1308 4457 1375 4528 quad
1389 4457 1444 4524 ipsa
1458 4448 1488 4505 iu¹
1506 4451 1612 4504 lauduna
1631 4463 1702 4500 seraa
1720 4441 1850 4495 feudalem
1870 4459 1933 4509 qus·

605 4565 719 4618 tollente.
1121 4551 1217 4602 litatem
1237 4545 1362 4598 inductit-
1380 4537 1575 4611 Quaerebatur,
1595 4549 1628 4586 an
1647 4531 1692 4583 ills
1713 4526 1823 4578 Adriani
1840 4519 1933 4590 allegu'·
1953 4525 1971 4575 2

1124 4636 1161 4686 ιίο
1178 4633 1209 4685 sd
1229 4625 1416 4683 excludendam
1437 4620 1601 4710 llenristtam
1622 4614 1654 4666 ab
1680 4609 1839 4665 haereditata
1863 4609 1935 4660 astas

499 4749 520 4799 S
540 4748 567 4802 tt
581 4744 617 4797 1!
628 4742 665 4796 d!
679 4743 706 4794 A
726 4743 750 4793 R
762 4743 787 4810 Ι1
802 4739 838 4793 A.
1123 4715 1257 4773 sufficias?

401 4838 403 4850 '
1158 4809 1308 4859 ttecssserss
1323 4799 1429 4870 quidem
1454 4795 1510 4848 aeia
1534 4799 1595 4844 ante
1618 4782 1807 4842 Bartholdnm,
1826 4788 1852 4830 es
1870 4774 1934 4827 hinc
1953 4775 1969 4824 3

1122 4889 1267 4942 baereditas
1286 4901 1333 4955 pro
1345 4883 1456 4938 dimidia
1467 4887 1542 4948 parts
1558 4874 1590 4927 ad
1610 4873 1687 4934 hasne,
1707 4876 1836 4932 tamquam
1856 4877 1936 4929 nepo·

1123 4983 1189 5033 tem,
1209 4971 1307 5033 delata,
1326 4963 1458 5036 praesumi
1478 4969 1559 5029 potsse
1571 4957 1598 5008 in
1611 4951 1718 5008 seucum
1732 4947 1764 5000 sb
1777 4943 1868 4999 eodem
1882 4958 1937 4994 rer·

259 5099 395 5155 Rationes.
407 5086 555 5144 dubitandi.
570 5105 596 5137 u.
611 5087 634 5137 3,
646 5102 715 5153 seqq.
1122 5073 1164 5118 ⁸⁸,
1181 5052 1293 5122 adeoque
1312 5066 1344 5102 ax
1363 5043 1528 5101 allodialibus
1544 5039 1656 5093 tenuati·
1668 5034 1734 5086 facts
1747 5046 1810 5082 esse·
1825 5027 1938 5097 Quando

1120 5139 1192 5188 enisu
1214 5137 1279 5188 bons
1298 5147 1413 5202 possessa
1432 5137 1490 5182 sunt
1505 5142 1564 5178 curn
1583 5117 1747 5180 tenentibus,
1775 5124 1838 5165 tunc
1861 5129 1937 5181 praa·

260 5184 389 5238 Rationes
399 5171 546 5229 decidendi.
566 5189 593 5224 ss·
611 5169 636 5222 li.
648 5184 720 5238 seqq.

262 5265 378 5324 Decisio.
391 5281 417 5315 rs.
433 5261 477 5314 18.
1122 5228 1258 5272 sumuntur
1271 5233 1328 5270 essa
1340 5212 1459 5267 tendatis.
1479 5211 1548 5262 Post.
1567 5209 1601 5260 de
1620 5211 1841 5269 manutenemus).
1856 5197 1873 5246 2
1897 5198 1939 5246 da»

1121 5301 1167 5353 cis.
1188 5299 1249 5353 sse.
1268 5316 1298 5350 n.
1319 5302 1343 5350 1.
1361 5287 1727 5351 simulassemusas.
1747 5302 1774 5336 rs.
1793 5285 1818 5333 a.
1839 5297 1892 5346 seq·
1904 5277 1939 5329 Et
1958 5292 1974 5343 q

224 5444 237 5489 t
260 5385 438 5486 Bartholdus
451 5427 531 5480 sorori
548 5439 607 5476 suas
620 5417 774 5472 Eenriettae
787 5411 895 5464 nubenti
908 5421 1070 5476 esuampro·
1094 5453 1098 5470 ,
1122 5405 1154 5438 ‘¹
1174 5387 1299 5456 ι1ιιιΙΙὶιΜο
1318 5397 1486 5452 μῆθηπυω
1504 5377 1633 5430 nobilium
1655 5373 1718 5426 bons
1742 5369 1860 5438 ipsorum
1881 5363 1936 5415 iau·

242 5566 245 5578 ,
261 5519 335 5570 misit
347 5516 436 5568 dotem
449 5523 472 5564 et
485 5505 700 5578 paraphernalia,
717 5497 847 5563 simulque
859 5496 882 5546 ei
902 5505 979 5546 totam
1000 5491 1072 5542 ariao
1123 5475 1191 5526 ‘¹¹¹5‘
1209 5480 1355 5526 etttttnlut·
1366 5463 1515 5530 ,Mffllssllm
1535 5461 1630 5512 Pistor·
1656 5455 1713 5510 vol·
1736 5459 1760 5503 1·
1778 5446 1881 5515 wtm'ld
1893 5445 1937 5496 Ἠ-

993 5572 1071 5626 Dein·
1094 5591 1097 5626 5
1123 5579 1150 5614 n·
1164 5560 1191 5612 6·
1204 5573 1268 5614 vers.
1280 5577 1309 5612 sa
1320 5547 1390 5623 eiciat
1402 5564 1431 5604 ss
1447 5548 1490 5603 dic
1502 5543 1619 5616 qualitas
1629 5553 1824 5610 personarum.

259 4937 350 4990 Cusus.
362 4949 388 4982 rr.
402 4930 427 4980 l.

261 5013 397 5084 Quaestio.
411 5029 438 5060 u.
451 5009 476 5059 Ἃ.

259 5603 342 5656 adhuc
361 5595 472 5655 visentis
487 5590 671 5646 haereditatem
685 5595 807 5652 expresse
825 5575 974 5630 narrarit.
