4414 6188
262 277 300 329 ss
710 268 758 322 tlt-t
777 263 1017 324 tnocsssttstts
1035 261 1304 320 dlllllllivltlllllls
1322 274 1383 316 erc
1782 261 1831 312 ¹'lit

203 364 565 439 'Alterumsumlementsm
577 372 601 430 ς.
612 364 656 419 id.
1069 365 1178 434 quidem
1197 362 1225 413 in
1243 362 1345 432 republ.
1363 373 1472 414 romana
1489 355 1636 410 obtinuere.
1651 355 1757 411 Tacitus
1775 357 1808 411 de
1825 375 1885 412 ms·

200 453 353 513 Gandaris
368 471 406 506 ers
417 445 875 523 duppliriillosundamsnto.§.id
1070 449 1117 502 rii.
1142 461 1226 518 germ.
1242 445 1356 516 xreferte
1383 443 1455 495 nulls
1481 441 1549 510 apud
1568 442 1716 494 Germanos
1735 442 1884 512 antiquitus

189 540 361 594 Ilioneum
372 534 464 590 cerdis
476 539 522 588 ι1ιι.
537 529 688 586 Praesides.
702 537 726 592 ς.
738 530 782 582 17.
1069 533 1151 587 inisse
1179 543 1343 586 testamenta.
1361 531 1433 600 erot
1456 538 1482 580 et
1503 526 1610 596 quantis
1639 527 1728 595 itaque
1748 536 1809 578 tuno
1825 540 1884 579 cort·

204 623 316 678 Urilr'tas
328 621 451 692 hujusin
463 616 607 687 republica·
619 613 641 686 §
657 614 701 665 i8·
1071 619 1205 671 troversiis
1225 629 1311 668 nostra
1331 614 1414 683 patria
1433 613 1540 672 caruit,
1557 609 1653 678 quihus
1677 606 1756 662 hodie
1779 607 1814 663 ita
1831 607 1884 660 cir·
1987 607 1990 624 '

199 704 366 760 duramenti
374 703 533 757 calumniae
543 699 636 769 mist·
648 707 687 751 eti
699 696 826 751 ltadrndc
839 711 913 750 stem·
927 699 948 755 i·
963 693 1008 748 19·
1069 704 1243 763 cumdumur,
1257 710 1283 752 ιιι
1296 697 1351 750 lere
1369 699 1402 750 de
1420 694 1533 748 inluciuri
1552 703 1621 744 statu
1640 708 1728 744 rerum
1746 689 1884 760 desperen-

203 793 277 848 Utile
278 790 373 859 soret,
384 797 414 842 ιιι
424 803 514 855 poena
525 781 602 851 dupli
610 780 776 850 generaliter
786 777 1018 834 introduceretur·
1071 781 1144 835 dum.
1164 783 1288 837 Ostendit
1304 783 1404 832 illustr.
1421 781 1467 831 dn.
1483 778 1591 831 Praeses
1608 776 1638 827 io
1658 785 1692 827 tr.
1710 772 1833 828 decant.
1843 783 1883 828 ts·

235 879 261 936 i·
280 874 324 926 ὅθ·
1067 879 1147 922 stam.
1165 886 1187 922 c.
1203 871 1228 920 1.
1241 869 1268 919 in
1286 883 1350 937 qum
1369 865 1453 915 simas
1473 862 1524 928 jam
1544 859 1655 929 conjecti
1674 859 1883 924 controuersias,

201 958 246 1010 De
260 954 425 1010 debitoribus
436 950 563 1004 maratis.
577 956 600 1012 §-
613 949 657 1001 51·
679 1015 682 1022 ,
1070 968 1206 1022 postquam
1227 963 1263 1005 tot
1283 961 1419 1016 tantasque
1436 950 1557 1014 emh-ages
1580 945 1649 997 circs
1671 955 1825 996 testamenta
1843 959 1882 997 rs·

200 1043 300 1094 Percu
311 1037 387 1104 dupli
397 1038 492 1090 statim
505 1037 596 1088 locust
607 1033 709 1088 tatere
718 1033 813 1100 dedet,
825 1033 850 1086 si
860 1029 893 1085 de
906 1033 1018 1084 menda·
1069 1036 1195 1104 cepimus,
1210 1051 1273 1104 quas
1287 1036 1331 1086 rix
1344 1030 1566 1104 prudentissimus
1578 1025 1692 1095 effugere
1706 1035 1796 1096 potest.
1808 1025 1883 1080 Post·

235 1126 414 1176 ciaconssat.
426 1123 452 1188 ς.
464 1121 506 1172 112.
1067 1137 1144 1188 quam
1162 1121 1246 1188 itaque
1266 1136 1318 1172 nnn
1341 1128 1442 1169 tantum
1460 1116 1489 1166 iu
1508 1129 1602 1180 gessere
1619 1112 1723 1164 risendi
1739 1109 1882 1163 sedetiam

199 1205 343 1260 Advocati
363 1205 483 1276 praeitur
504 1203 651 1273 puniendi,
669 1201 830 1269 instigantes
849 1200 959 1256 clienter
982 1201 1020 1254 ad
1068 1203 1096 1254 in
1114 1205 1236 1271 justitiae
1256 1203 1490 1256 administratione
1509 1201 1542 1251 ab
1555 1199 1599 1250 illa
1616 1199 1724 1266 antiqua
1740 1209 1766 1252 et
1781 1213 1883 1266 germe-

240 1289 401 1360 nsgsndsm
414 1286 657 1360 autpejernndum.
669 1287 692 1351 i·
706 1286 750 1336 dil·
1067 1305 1099 1340 ua
1118 1290 1264 1342 discessum
1288 1297 1328 1339 est
1346 1285 1536 1354 simplicitate,
1547 1292 1573 1334 et
1589 1285 1632 1352 jus
1649 1281 1803 1334 canohicum
1822 1282 1881 1348 pri·

196 1373 571 1428 commendatareonsilinm
580 1371 718 1424 Venturae
729 1371 763 1424 ds
779 1365 1015 1424 Valentiisndre·
1069 1391 1140 1426 murm
1160 1374 1257 1427 ‹leiude
1280 1375 1321 1443 jus
1341 1373 1420 1424 civile
1445 1381 1598 1438 receptum,
1617 1383 1668 1420 ιιιιιι
1693 1374 1792 1419 tantum
1819 1367 1881 1420 lites

226 1458 384 1527 somnum
392 1458 507 1525 jndrcr'a.
520 1463 540 1518 t.
555 1453 600 1505 dl.
1067 1457 1271 1526 multiplicatos,
1290 1456 1335 1508 sed
1353 1455 1433 1507 etiam
1447 1467 1582 1524 processus
1600 1467 1656 1504 esse
1674 1455 1815 1520 coeperunt
1827 1448 1880 1501 isn-

198 1540 346 1596 Conciusr'u
358 1539 569 1594 dissertationis.
581 1546 602 1602 5.
617 1538 661 1592 1111.
1068 1540 1203 1593 mortales.

682 1671 686 1677 .
932 1633 941 1640 '
1103 1632 1127 1686 ς.
1147 1627 1172 1677 3.
1198 1625 1326 1694 Quamvis
1351 1639 1429 1687 sero,
1448 1631 1478 1674 ιιι
1501 1621 1627 1673 hactenns
1651 1617 1769 1684 dietum,
1788 1615 1879 1672 litium

194 1707 223 1782 5.
243 1714 270 1763 1.
291 1649 402 1777 Quam
421 1707 561 1776 depravata
580 1705 679 1776 nisique
699 1703 753 1759 isse
770 1703 890 1759 lucorum
912 1707 940 1758 in
966 1705 1015 1760 irn-
1071 1709 1214 1762 mulititudo
1234 1707 1375 1760 ιιιιιίιιιιιιι
1397 1720 1495 1777 partem
1514 1705 1639 1758 debeatur
1657 1703 1800 1770 receptioni
1813 1703 1881 1770 juris

198 1795 273 1862 prrio
291 1809 401 1846 ιοιιιιιιο
418 1791 568 1862 germanico
585 1795 620 1845 sit
646 1791 766 1856 justitiae
790 1790 1014 1846 administratio·
1065 1792 1152 1845 staltis
1171 1794 1200 1845 in
1226 1791 1416 1855 Gerulanism3
1439 1799 1525 1841 tamea
1551 1788 1573 1839 si
1593 1785 1821 1838 immortalitatem
1847 1786 1882 1836 li-

196 1875 271 1928 hiuis
289 1876 346 1930 lere
362 1877 483 1938 seculis,
504 1885 540 1926 tot
559 1886 687 1926 testantur
700 1876 827 1942 querelae
839 1875 944 1943 publice
958 1879 1015 1944 pri·
1068 1875 1150 1936 tium,
1171 1877 1204 1929 de
1221 1893 1270 1946 qua
1290 1876 1335 1927 hic
1352 1876 1460 1944 quidem
1486 1890 1543 1924 sura
1568 1871 1704 1934 solicitus,
1723 1870 1880 1934 considero,

198 1961 332 2030 ratimque
350 1963 462 2028 dmsrpes
481 1969 573 2018 motus.
592 1970 619 2010 nt
637 1959 738 2010 nemini
758 1958 790 2010 de
803 1976 833 2010 eo
846 1957 956 2009 dubium
972 1975 1013 2011 su·
1065 1975 1122 2010 sam
1143 1958 1199 2014 iere
1217 1960 1293 2013 unice
1311 1970 1443 2030 acceptam
1458 1956 1595 2009 serendum
1609 1972 1666 2006 esse
1682 1955 1735 2022 juri
1753 1955 1879 2006 canonico

201 2061 309 2112 peterse
325 2045 426 2112 possit.
451 2041 510 2094 Nou
537 2042 623 2095 diersa
649 2045 701 2110 jam
725 2041 758 2094 de
786 2040 1014 2094 manifestissimis
1066 2043 1199 2112 intrepide
1223 2046 1385 2096 asseratur
1411 2045 1484 2094 euim
1504 2041 1584 2093 civile
1608 2056 1744 2090 romanum
1772 2053 1799 2089 se
1818 2037 1879 2090 huic

203 2131 231 2181 in
247 2129 367 2196 justitiae
383 2126 566 2188 documentis,
579 2126 653 2195 queis
667 2123 877 2193 personantium
892 2124 921 2176 in
934 2125 1017 2179 oisilr·
1067 2123 1258 2182 immortalitati
1279 2128 1370 2180 litium
1389 2142 1514 2194 expresse
1526 2125 1587 2176 satis
1597 2122 1712 2190 opponit
1730 2121 1758 2172 in
1777 2121 1877 2173 iamoss

202 2212 252 2265 hus
271 2223 297 2264 et
314 2212 514 2270 criminalibus,
534 2220 563 2260 ut
580 2211 613 2260 de
631 2209 724 2260 ltaliae
749 2225 811 2260 suae
834 2206 902 2262 iuris
929 2209 1015 2262 dicere
1073 2209 1116 2259 illa
1136 2211 1192 2277 lege
1210 2212 1411 2278 properandum
1431 2211 1474 2260 1³.
1490 2203 1713 2276 pr.c.dcjadic.
1734 2203 1882 2256 triennium

199 2296 370 2350 nenessitas
389 2294 471 2348 inerit
486 2295 563 2346 Paris
580 2291 614 2344 ds
634 2295 726 2356 Puteo,
746 2302 852 2346 notente
864 2291 1017 2364 Oldenhop·
1068 2292 1095 2344 iu
1115 2295 1217 2347 casibus
1236 2296 1361 2347 ciuilibus
1379 2293 1512 2345 itniendae
1531 2291 1676 2342 instantiae
1693 2286 1876 2358 praefigendo,

198 2380 244 2450 pin
261 2379 291 2432 its
308 2375 403 2446 praef.
419 2379 456 2430 ad
473 2379 528 2431 obs.
546 2374 657 2430 crimin.
676 2378 751 2446 plura
769 2376 908 2430 latrocinia
931 2387 959 2430 et
977 2396 1016 2431 ra·
1064 2387 1191 2447 qnantum
1206 2391 1293 2434 tamen
1308 2382 1434 2448 temporis
1447 2378 1526 2447 prisci
1541 2379 1717 2430 Romanorum
1727 2371 1878 2442 nequidem

200 2460 279 2528 pines
298 2458 432 2513 eomroitti
451 2459 481 2512 in
500 2458 632 2526 judiciis,
648 2478 726 2530 quum
746 2461 775 2512 in
802 2462 882 2527 sylvis
902 2481 916 2513 ι
939 2462 1015 2516 lotro-
1067 2465 1224 2532 exigebant,
1239 2474 1268 2518 ut
1280 2473 1388 2532 apparet
1400 2479 1432 2514 er
1448 2461 1544 2515 Pnlteti
1559 2460 1673 2513 historia
1687 2455 1878 2522 fariromani.

198 2543 289 2596 trihus.
305 2542 396 2612 Neque
413 2560 503 2596 ernam
523 2545 658 2614 pruritum
677 2547 811 2612 ingentem
825 2545 961 2616 litigandi,
973 2548 1015 2597 cui
1067 2547 1141 2615 Quin
1168 2556 1195 2600 et
1217 2548 1347 2600 secundae
1370 2548 1512 2599 instantiae
1536 2545 1599 2598 satis
1624 2543 1700 2596 breve
1726 2552 1827 2611 tempus
1845 2543 1877 2592 in

199 2625 280 2680 hodie
299 2628 400 2680 medios
419 2630 489 2681 inter
506 2630 666 2682 christianos
686 2631 750 2682 adeo
769 2630 912 2698 indulgent
929 2631 1015 2682 homi·
1066 2632 1124 2697 jure
1143 2649 1252 2685 romano
1271 2627 1418 2702 praefixum
1439 2647 1495 2682 esse
1514 2638 1620 2700 apparet
1639 2644 1672 2679 ea
1692 2627 1766 2681 antis.
1791 2625 1818 2679 ei
1832 2625 1880 2696 qui

200 2726 270 2774 nea,
289 2723 316 2764 ιιι
335 2712 406 2764 inter
423 2713 551 2780 strepitus
572 2711 690 2764 iorenses
717 2727 760 2764 ux
786 2713 900 2782 amplius
922 2713 1014 2770 audiri
1067 2715 1163 2784 appell.
1180 2733 1203 2767 r..
1230 2717 1263 2768 de
1288 2729 1401 2782 tempor.
1427 2726 1454 2766 et
1472 2730 1562 2785 repar.
1587 2711 1685 2782 appell.
1703 2727 1762 2764 nor.
1779 2711 1823 2764 tt.
1837 2727 1881 2782 pr.

96 2843 110 2848 -
200 2794 287 2863 possit
304 2794 435 2846 monitum
456 2795 612 2862 piumtott.
631 2795 741 2848 Ethoiei
760 2797 788 2848 irs
815 2796 833 2847 1.
854 2796 879 2847 1.
899 2803 920 2858 ς.
938 2796 964 2848 i.
981 2796 1017 2850 de
1067 2801 1112 2852 uhi
1134 2817 1218 2852 annus
1236 2819 1288 2852 non
1307 2799 1487 2865 justificationi
1503 2795 1690 2866 appellationis
1708 2797 1880 2864 interponen-

200 2876 412 2951 oiienot.judic.
432 2888 497 2930 mus.
515 2895 588 2932 caus.
609 2880 679 2949 quod
705 2880 861 2934 verecunda
882 2882 1011 2949 cogitatio
1067 2881 1130 2944 dae,
1152 2884 1191 2934 uti
1218 2888 1289 2937 male
1309 2885 1357 2935 hoc
1376 2884 1568 2951 interpretatus
1594 2879 1683 2948 praxis
1702 2877 1880 2939 Germanice,

201 2961 258 3027 ep'sss
277 2962 325 3028 qui
339 2961 401 3013 lites
418 2972 567 3016 execratur
584 2982 640 3016 non
654 2963 689 3017 sit
702 2964 932 3030 reprehendenda,
945 2965 1013 3033 quod
1067 2964 1111 3014 sed
1133 2967 1181 3017 tuti
1203 2968 1392 3036 appellationis
1411 2965 1543 3036 processui
1569 2959 1706 3022 iudendo,
1725 2970 1823 3014 tantum
1841 2961 1881 3012 itt·

202 3044 311 3112 quidem
333 3047 430 3097 meritc
446 3045 605 3110 dolendum,
625 3048 686 3098 darm
706 3067 737 3100 eo
755 3050 813 3118 ipsc
831 3049 1011 3112 ostendimus,
1068 3048 1157 3099 dullus
1175 3060 1224 3102 est.
1244 3051 1304 3119 Quo
1323 3051 1406 3101 eliani
1431 3049 1532 3098 iaciunt
1554 3058 1591 3098 tut
1612 3045 1800 3098 saluberrimae
1818 3059 1882 3096 cott-

200 3127 362 3180 ehristirucs
382 3129 410 3180 in
430 3129 553 3197 pluribus
571 3147 627 3184 esse
646 3132 791 3186 deteriores
809 3134 877 3202 ipsis
892 3127 1016 3186 ethnicis.
1067 3130 1219 3184 stitutiones
1232 3149 1279 3200 prn
1298 3133 1485 3186 ahhreriaodis
1507 3131 1668 3198 processibus
1685 3129 1805 3181 emissae.
1824 3127 1877 3180 tid·

200 3206 405 3272 nesciocuius.
427 3228 459 3264 sn
479 3213 598 3266 Ventura
627 3213 659 3264 de
685 3215 819 3270 valendis
838 3215 868 3268 in
889 3216 1015 3286 partirem
1066 3211 1085 3262 l·
1104 3213 1130 3264 2.
1145 3231 1188 3285 pr.
1197 3215 1282 3282 ffide
1300 3235 1361 3282 cqu-
1375 3227 1401 3269 et
1412 3234 1483 3286 aqua
1498 3218 1536 3284 pt.
1548 3232 1602 3266 arc.
1616 3215 1632 3266 1.
1649 3214 1688 3264 li).
1702 3229 1724 3264 c.
1736 3211 1770 3264 de
1781 3223 1876 3266 trans-

200 3290 333 3362 triplis.
353 3296 418 3346 hc.
440 3296 464 3346 1.
483 3313 511 3346 ιι.
531 3297 574 3348 tr.
593 3297 657 3348 aden
675 3309 765 3351 contra
783 3300 922 3352 seritstem
942 3299 1016 3352 dise·
1069 3309 1121 3351 act.
1139 3305 1162 3359 §.
1189 3302 1234 3352 ts.
1257 3301 1279 3368 p'.
1299 3301 1331 3354 de
1349 3301 1437 3354 inutil.
1455 3300 1546 3367 stupui.
1564 3300 1604 3351 ihi
1623 3309 1736 3367 propter
1752 3298 1877 3350 celerita-

204 3375 255 3439 rit,
275 3377 339 3430 dum
359 3393 445 3430 mores
464 3380 611 3446 praesentis
630 3382 758 3448 temporis
777 3381 814 3432 its
834 3381 970 3435 describit:
988 3383 1018 3435 li·
1070 3390 1122 3434 tem
1141 3382 1359 3437 dirimendarum
1376 3383 1464 3438 litium
1481 3385 1500 3434 1.
1519 3385 1564 3434 21.
1573 3381 1614 3450 ff.
1633 3383 1666 3434 de
1691 3383 1748 3434 red.
1765 3382 1837 3435 aad.
1862 3381 1882 3436 1.

202 3469 243 3511 ses
260 3459 344 3524 clim,
364 3461 468 3530 inquit,
486 3462 556 3515 adea
576 3463 666 3518 breues
685 3475 712 3517 st
729 3480 812 3520 rarue
826 3463 967 3532 suerunt,
989 3477 1018 3520 ut
1070 3466 1095 3518 2.
1114 3483 1136 3518 a.
1157 3468 1190 3520 de
1210 3486 1239 3521 re
1251 3467 1314 3540 jud.
1328 3471 1346 3519 1.
1357 3465 1399 3535 ff.
1416 3483 1525 3536 prosoc.
1546 3467 1635 3520 Latius
1655 3467 1704 3518 hoc
1721 3483 1759 3541 “r
1773 3465 1886 3520 historia

197 3545 301 3614 iudices
316 3547 378 3616 pius
396 3546 524 3616 temporis
539 3565 624 3616 quam
649 3564 793 3619 processus
818 3549 950 3603 dederent
965 3589 973 3616 ,
991 3565 1018 3604 et
1068 3563 1201 3604 caesarum
1220 3553 1334 3604 declarat
1346 3556 1426 3606 vent.
1444 3555 1477 3605 de
1495 3554 1600 3604 Valent.
1611 3551 1743 3606 Parthen.
1755 3550 1821 3621 litr'g.
1834 3549 1881 3604 111.

201 3631 286 3696 pauci
303 3629 487 3698 reperirentur
502 3635 636 3699 actuarii,
662 3633 815 3699 causidici,
841 3645 869 3688 et
893 3636 945 3686 alii
969 3637 1017 3704 pni
1072 3635 1095 3683 1.
1120 3650 1143 3684 c.
1167 3635 1194 3684 2.
1219 3654 1246 3688 a.
1273 3637 1318 3686 13.
1336 3650 1407 3704 sepp.
1428 3637 1474 3688 uhi
1493 3637 1599 3690 adducit
1615 3647 1641 3688 et
1659 3636 1745 3688 laudat
1762 3636 1884 3705 exemplu

202 3713 376 3783 magistratus
396 3714 610 3770 circumstarent.
628 3727 669 3769 As
685 3717 767 3770 hodie
779 3717 840 3772 lites
853 3730 908 3772 tam
920 3720 1020 3773 multoe
1071 3717 1207 3787 Pompeii,
1223 3719 1290 3773 tulii
1304 3720 1440 3787 Caesaris,
1454 3721 1574 3784 Galbae,
1590 3722 1753 3784 Domitiani,
1767 3720 1883 3784 Claudii,

201 3811 275 3866 suat,
294 3813 323 3856 us
341 3805 378 3862 sd
395 3803 589 3872 extirpandum
603 3821 661 3856 non
672 3803 819 3874 sufficiant
830 3805 956 3870 ministri,
972 3809 1020 3861 sed
1071 3799 1216 3855 Alexandri
1236 3804 1327 3856 Seseri
1347 3815 1398 3856 etc.
1415 3807 1461 3873 qui
1481 3823 1579 3875 poenas
1596 3805 1673 3856 exilii
1691 3815 1836 3858 statuerunt
1854 3805 1883 3859 itt

200 3895 326 3936 crescant
342 3884 431 3936 instar
447 3887 557 3956 ludrae,
578 3889 656 3957 cnjus
673 3901 758 3960 capus
774 3889 800 3942 si
818 3893 1018 3962 detruncetur,
1071 3905 1148 3956 eum,
1166 3891 1211 3961 qui
1231 3892 1298 3945 ultra
1317 3909 1415 3944 annuns
1436 3892 1509 3945 litem
1525 3896 1626 3948 Romae
1639 3895 1821 3962 protraxisset.
1835 3892 1884 3945 hst

201 3975 302 4034 septem
317 3964 374 4018 alia
391 3977 554 4037 resurgunt,
573 3972 612 4023 isa
630 3981 662 4024 us
684 3974 862 4040 magistratus
880 3993 1019 4045 nunquam
1069 3973 1176 4028 mudum
1196 3975 1243 4029 has
1269 3974 1442 4029 shhrcsiandi
1461 3977 1521 4031 lites
1539 3980 1581 4046 jus
1606 3995 1697 4030 cauom
1716 3977 1881 4043 dissimulat,

201 4051 306 4117 possint
323 4049 464 4104 uictoriam
481 4068 588 4121 sperare
605 4065 709 4108 contra
728 4057 796 4110 isoes
815 4058 965 4126 litigiorum
979 4063 1019 4118 vi·
1071 4057 1126 4112 imo
1144 4061 1167 4110 si
1185 4078 1274 4114 rerum
1294 4060 1371 4114 iateri
1390 4063 1469 4130 licet,
1491 4074 1527 4117 tot
1551 4065 1660 4118 cautelas
1678 4072 1705 4117 et
1726 4066 1832 4117 technas
1849 4065 1883 4118 li·
1986 4102 1988 4116 .

203 4131 262 4187 tio:
288 4142 392 4184 tantum
421 4133 505 4204 itaque
530 4135 559 4188 in
586 4141 792 4208 praesentiarum
817 4159 874 4195 erm
901 4144 1019 4215 intelligo
1074 4149 1113 4193 tes
1132 4144 1305 4211 protrahendi
1325 4145 1418 4213 hahet,
1438 4159 1465 4200 ut
1483 4148 1583 4215 justitia
1601 4149 1650 4201 sub
1669 4148 1719 4200 hoe
1738 4149 1884 4217 injustitiae

202 4217 400 4283 corruptionem
418 4228 445 4269 et
464 4217 698 4287 deprecationem,
718 4240 763 4294 per
781 4225 1020 4294 quamliteshunt
1071 4223 1163 4292 clypeo
1182 4227 1279 4280 merito
1300 4241 1391 4298 gemat.
1410 4230 1577 4284 introductae
1594 4241 1731 4284 suntcum
1760 4233 1810 4286 hoc
1827 4234 1884 4298 iure

201 4297 365 4352 immortales
383 4311 410 4354 et
426 4301 459 4354 sd
478 4315 597 4370 posteros
615 4307 782 4362 derivamus.
802 4307 880 4363 Certe
893 4311 941 4364 huc
954 4315 1018 4366 ulti·
1073 4308 1102 4362 in
1120 4308 1177 4362 iora
1197 4311 1358 4368 Ger-munire
1376 4315 1563 4369 distinctiones
1587 4319 1747 4384 judiciorum
1766 4319 1795 4370 in
1814 4317 1883 4387 peti·

202 4397 248 4434 ato
266 4393 398 4436 momento
417 4385 514 4454 triplex
535 4386 599 4438 illud
617 4390 734 4456 justitiae
753 4393 972 4462 impedimentum
987 4397 1019 4449 ud
1072 4395 1167 4446 lorium
1187 4405 1213 4448 et
1231 4397 1438 4468 possessorium,
1459 4410 1514 4452 tum
1545 4401 1717 4455 summarium
1742 4410 1796 4452 turn
1814 4401 1885 4454 ordl-

203 4463 281 4532 plora
298 4465 350 4517 alia
370 4476 397 4519 et
414 4467 526 4522 neisnde
544 4468 660 4524 facinora
677 4472 779 4527 editum
799 4489 892 4546 parat,
917 4488 947 4531 nt
971 4480 1013 4534 sel
1075 4478 1261 4543 uarium,imo
1276 4484 1367 4534 omnis
1384 4483 1451 4535 ordo
1469 4484 1627 4554 procedendi
1640 4487 1737 4538 esiude
1749 4483 1885 4556 repetitor.

203 4562 236 4598 ex
255 4547 305 4600 hnc
322 4549 492 4618 irregularem
507 4563 534 4606 et
551 4555 703 4609 morbosum
715 4559 832 4628 justitiae
844 4572 954 4615 nostras
968 4573 1019 4619 sta·
1074 4561 1104 4614 Et
1121 4572 1209 4618 tamen
1228 4566 1375 4634 glorientur
1393 4569 1503 4636 practici
1520 4569 1638 4622 detento
1652 4571 1885 4638 injurccmouico

203 4641 260 4682 tarn
279 4633 403 4702 colligere
421 4636 485 4688 satis
496 4653 643 4706 queamus.
908 4656 913 4664 ·
1035 4653 1043 4665 ‘
1076 4657 1177 4715 reperto
1194 4649 1408 4721 thesaurosquod
1427 4651 1450 4703 si
1461 4651 1494 4703 ad
1514 4652 1642 4704 interesse
1659 4663 1686 4704 st
1704 4653 1830 4722 privatum
1844 4655 1885 4706 1ιι-

241 4719 267 4808 1·Ι
285 4714 311 4768 2.
329 4716 420 4786 Neque
438 4717 487 4772 hcc
505 4720 601 4772 mirum
620 4721 741 4792 cuiqnam
760 4726 846 4779 rideri
865 4728 962 4796 dehet,
980 4735 1023 4786 cui
1077 4748 1150 4784 eram
1173 4733 1336 4802 applicetur,
1361 4731 1438 4786 issile
1464 4733 1572 4786 concedi
1599 4743 1701 4803 potest,
1727 4751 1785 4786 rere
1810 4735 1883 4788 enim

205 4796 297 4850 salttrn
323 4799 422 4867 shsque
438 4803 491 4855 ullo
508 4804 687 4872 praejudicio,
704 4807 837 4877 originem
863 4822 888 4865 et
906 4829 1023 4884 pregre..
1077 4813 1146 4868 dixit
1171 4817 1303 4870 hienricus
1329 4817 1433 4870 cornel.
1457 4819 1571 4888 Agrippa
1589 4819 1623 4870 de
1646 4817 1734 4870 vanis.
1752 4817 1844 4872 soient.
1862 4835 1885 4874 e.

202 4895 262 4976 scm
290 4894 443 4936 nostrorum
469 4887 655 4942 modernorum
686 4891 783 4956 jurium
810 4893 909 4948 iutaeri
930 4900 1022 4969 rolnpe
1075 4897 1118 4950 112.
1137 4899 1270 4969 ingeniosa
1287 4901 1415 4956 avaritiae
1433 4913 1603 4973 pracceptaet
1620 4901 1739 4972 rapiendi
1759 4901 1886 4958 formulas

202 4974 265 5018 eret.
284 4965 514 5026 Germsoimostri
533 4973 651 5042 antiqui,
665 4975 701 5025 nti
719 4973 806 5028 adhuc
821 4977 936 5048 simplici
955 4984 1024 5036 ritae
1075 4977 1103 5032 in
1123 4981 1172 5036 troc
1188 4985 1246 5052 jure
1264 4985 1410 5050 contineris
1428 4986 1473 5038 sed
1492 4987 1554 5038 haee
1574 4995 1658 5038 lamen
1678 4987 1808 5039 omuiaad
1827 5001 1887 5039 cus·

200 5048 294 5116 generi
313 5049 416 5102 addicti
435 5063 529 5117 erunt,
550 5056 698 5125 simplicem
718 5075 820 5129 qaoque
837 5063 957 5127 justitiae
973 5067 1019 5118 sd·
1073 5079 1129 5116 sum
1150 5068 1267 5131 justitiae
1286 5067 1486 5138 impediendum
1506 5079 1569 5123 suot
1587 5071 1693 5124 intenta
1711 5082 1737 5123 ct
1755 5071 1884 5138 stabilita,

203 5133 432 5190 ministrationem
453 5139 633 5204 hubehput‚et
646 5140 702 5196 iura
719 5143 805 5195 adhuc
822 5145 946 5200 sincensi
959 5162 1022 5204 stre
1071 5147 1143 5200 coni·
1168 5150 1248 5220 flcig.
1263 5169 1290 5216 p.
1309 5152 1334 5201 2.
1352 5171 1378 5222 p.
1404 5153 1431 5205 2.
1454 5171 1483 5206 ιι.
1509 5156 1535 5203 1.
1554 5153 1615 5224 lpse
1640 5155 1836 5207 Hottomrnnus
1854 5153 1884 5208 in

202 5215 262 5288 pitu
280 5227 308 5272 st
325 5216 355 5272 in
373 5219 484 5276 utilibus
501 5224 655 5294 amhsgihus
681 5236 709 5280 et
735 5228 832 5297 ineptis
858 5233 1021 5286 carminibus
1071 5229 1264 5300 Franco-gott.
1281 5235 1361 5287 c.20.
1377 5243 1472 5289 tantem
1490 5237 1579 5291 litium
1599 5239 1790 5292 calumniarum
1807 5249 1886 5310 etsp-

200 5315 280 5354 racna
299 5313 391 5370 erant,
409 5305 479 5374 qnod
499 5310 597 5374 passim
616 5309 704 5378 colligi
730 5321 815 5379 potest
833 5329 866 5367 cx
885 5315 938 5379 iis,
954 5335 1019 5386 quse
1068 5313 1266 5381 cophantisrom
1293 5329 1456 5386 sementem,
1475 5331 1504 5374 ut
1530 5323 1660 5393 loquitur,
1679 5321 1772 5378 iactans
1798 5325 1886 5394 primo

200 5386 269 5440 uano
287 5389 315 5440 in
335 5403 391 5444 sem
405 5391 522 5460 suggerit
537 5392 699 5448 Schottelios
711 5395 743 5448 de
756 5396 843 5466 antip·
854 5397 883 5448 in
894 5415 1021 5467 german.
1070 5407 1174 5464 putata
1194 5417 1258 5470 papa
1277 5399 1412 5456 Clemente
1429 5407 1463 5457 V.
1480 5409 1524 5476 qui
1546 5407 1667 5478 Philippi
1696 5407 1805 5461 Pulchri
1823 5420 1887 5462 tem·

192 5469 280 5540 jarib.
299 5470 390 5541 Neque
407 5474 460 5527 erit
477 5484 546 5528 truta
565 5475 688 5546 litigandi
707 5481 967 5552 occasiotqcamdiu
985 5501 1018 5538 ea
1070 5497 1133 5546 trote
1155 5473 1264 5551 papatus
1282 5489 1369 5538 sedem
1397 5489 1556 5545 hreuionem
1583 5494 1721 5544 transtulit
1744 5491 1886 5545 aremius

201 5569 286 5622 capno
303 5565 330 5610 st
349 5554 419 5610 hotto
436 5573 479 5610 res
497 5557 796 5633 decidereutus,aequc
813 5567 892 5619 tantis
911 5569 1017 5622 subtili-
1069 5581 1191 5619 comanae
1216 5569 1282 5619 artis
1309 5572 1458 5626 ruhnlsrise
1481 5575 1510 5626 iu
1537 5593 1623 5628 rnores
1650 5574 1758 5645 gallicos
1781 5576 1884 5644 sparsit.

200 5637 300 5691 tatibus
321 5639 406 5712 legum
431 5641 629 5713 opprimeretur
652 5647 761 5702 libertas
785 5667 926 5722 gestumr,-
949 5671 1016 5725 qum
1070 5652 1143 5708 idem
1163 5653 1292 5724 judicium
1311 5655 1376 5712 t'ersi
1392 5671 1476 5730 potest
1489 5661 1689 5728 deGermanis,
1704 5661 1799 5732 quihus
1817 5677 1885 5730 pcn-

745 5731 770 5792 Q
