4470 6188
370 447 374 456 ,
416 388 471 442 ιιι
982 357 1235 441 cccccccccc.
1253 381 1370 442 esunt
1388 385 1423 439 ιι.
1839 381 1844 392 ’
1937 383 1992 442 ιιι

375 485 402 534 l.
419 484 438 536 l.
456 483 482 534 2.
500 499 522 535 e.
540 498 607 550 quoe
624 475 668 532 ris
681 477 755 548 pigre.
772 475 852 549 otttg.
877 478 896 532 l.
921 479 962 532 lib.
979 477 1020 548 ff.
1038 481 1071 534 de
1088 481 1137 547 leg.
1157 479 1182 532 ³.
1267 477 1292 550 5.
1311 483 1337 532 8.
1357 482 1439 552 Atque
1456 480 1506 536 hae
1522 491 1584 537 snut
1610 482 1666 539 fere
1690 479 1791 554 speeies
1814 481 1964 540 traditionis
1976 486 2039 550 iure

374 567 422 619 nbi
439 564 532 632 legatis
543 563 722 632 chirographis
734 561 821 614 debita
836 563 928 630 legata,
942 564 1118 617 instrumento
1131 581 1185 618 em·
1234 563 1307 616 nisili
1325 565 1518 619 determinatae.
1537 569 1650 620 Romnni
1665 564 1819 638 pontifices,
1837 567 1947 620 simulac
1959 569 1998 633 ius
2011 570 2050 621 le·

371 648 476 719 ptiunis
493 647 596 717 pignori
617 648 678 699 dato
696 645 789 699 domus
813 657 901 716 erupta
920 649 1092 716 oppignorata
1110 665 1184 715 esse,
1235 659 1298 715 quun
1318 645 1484 702 ferendarum
1501 651 1530 702 in
1548 652 1633 704 musis
1646 650 1831 704 ecclesiasticis
1848 659 1965 718 ereptum
1979 652 2054 721 prin·

372 728 468 795 legatis
485 731 524 782 scl
542 727 653 782 senditis
672 727 866 792 instrumentis,
885 729 1002 780 actiones
1019 728 1121 782 senisse
1139 731 1182 781 in·
1232 730 1337 800 cipibus
1354 732 1406 784 sihi
1424 744 1593 802 arrogarent,
1611 744 1639 787 et
1663 733 1802 802 religionis
1828 733 1918 804 speeie
1940 733 2054 802 negotiis

371 809 535 880 tellipantur,
553 819 580 861 et
596 812 620 863 ai
638 808 787 878 praeseutia
806 809 1005 878 requireretur,
1024 810 1184 865 instrumcn·
1232 812 1397 881 quibuslibet
1416 832 1445 868 ae
1463 815 1672 881 immiscuerunt,
1691 816 1838 869 liberaliter
1858 817 2054 886 prospexerunt

368 892 405 947 tia
422 909 490 964 opus
506 891 574 946 haud
591 900 674 955 esset,
692 906 753 943 essm
770 900 798 945 ct
823 893 882 945 aine
905 894 1089 948 instrumentis
1112 895 1183 948 nuda
1232 895 1338 949 clericis
1355 915 1401 950 sun
1419 899 1535 968 imperio
1553 899 1694 967 subjectis,
1712 900 1774 952 dnm
1786 898 1879 951 modos
1896 897 2054 968 anquirendi

369 974 547 1028 declaratione
563 973 695 1042 mancipia
714 975 817 1044 possint
836 973 989 1038 transferri,
1015 975 1097 1028 tte.
1115 983 1137 1038 ς.
1157 977 1182 1027 2.
1233 979 1362 1047 plurimos
1381 981 1547 1049 invenerunt,
1568 991 1612 1034 aut
1631 985 1753 1035 insectus
1770 982 1929 1035 anctoritate
1948 998 1994 1034 sna
2006 977 2055 1035 hr-

365 1057 406 1126 ff.
422 1059 456 1113 de
472 1075 549 1129 nequ.
564 1073 634 1130 poss.
654 1055 759 1112 nebus.
778 1057 818 1111 nd
832 1070 919 1112 const.
937 1077 1013 1130 regn.
1031 1061 1098 1130 guli.
1116 1070 1182 1114 som.
1230 1061 1446 1133 marcunlicquc
1464 1063 1549 1117 solum
1567 1063 1682 1134 imperio
1701 1063 1729 1116 in
1748 1062 1921 1116 conadentiaa
1944 1061 1972 1114 irs
1993 1077 2053 1115 cusa

368 1143 481 1200 &tmen
497 1143 529 1198 de
541 1153 635 1197 morer.
642 1156 757 1214 possess.
768 1140 857 1210 praefi
870 1162 896 1194 ιι.
910 1145 953 1196 89.
971 1146 1044 1204 Ales.
1057 1144 1182 1214 Tartagn.
1232 1139 1313 1198 finem
1327 1146 1422 1200 callide
1435 1149 1587 1214 utebantur,
1600 1158 1629 1201 ut
1641 1147 1752 1200 salutem
1765 1145 1871 1200 animae
1886 1143 1981 1199 redimi
1993 1161 2053 1214 pos·

364 1231 404 1284 ssd
418 1229 438 1281 i.
456 1231 480 1280 1.
497 1223 589 1298 pnffi
601 1223 745 1297 densquir.
761 1241 874 1293 possess.
893 1225 997 1280 chiad.
1015 1229 1033 1283 i.
1049 1229 1185 1297 possideri
1231 1243 1258 1278 se
1271 1228 1458 1298 largitionibus
1470 1229 1561 1284 effusis
1579 1240 1658 1303 alque
1670 1229 1824 1282 immodicis
1849 1230 1925 1298 uulgo
1945 1245 2052 1300 persua·

364 1315 393 1366 s.
407 1330 448 1382 pr
461 1331 489 1366 ιι.
504 1308 600 1379 12,θῖ
618 1311 653 1364 dc
669 1327 744 1379 aequ
761 1327 834 1380 poss.
856 1311 951 1380 llillig.
969 1310 998 1364 iu
1014 1313 1116 1365 Doncll.
1135 1313 1181 1366 tit.
1231 1308 1333 1376 decent,
1352 1312 1397 1364 scd
1415 1322 1458 1379 et,
1477 1313 1530 1384 (ut
1547 1323 1588 1368 est
1614 1331 1738 1368 romanus
1764 1312 1849 1366 ndtus
1869 1311 1993 1382 plurimis
2011 1309 2053 1363 fu·

363 1391 540 1474 δ.ι.9.)1ιι.
565 1409 654 1448 serum
672 1409 731 1446 cum
750 1410 854 1464 semper
878 1393 979 1465 aliquid
1005 1395 1181 1450 naturalitatis
1233 1403 1305 1446 estus
1323 1394 1417 1448 ritibus
1436 1397 1566 1463 scenicis,
1585 1400 1699 1467 populo,
1724 1397 1771 1468 qui
1794 1395 1910 1450 externis
1934 1393 2050 1466 sapitur,

361 1477 477 1548 requirat
495 1477 632 1530 translatio
651 1475 841 1548 possessionis,
867 1487 893 1531 ιι
911 1479 930 1530 l.
948 1478 994 1530 ii.
1003 1476 1044 1544 ff.
1063 1478 1096 1532 ds
1114 1498 1180 1534 con·
1233 1479 1426 1532 seueratinnern
1446 1479 1603 1551 imprimere
1627 1481 1734 1551 aptis),
1751 1479 1821 1532 eirea
1845 1475 1952 1532 modum
1972 1475 2052 1529 tradi·

361 1571 396 1616 tr.
422 1572 503 1631 empt.
520 1578 643 1633 expresse
657 1563 739 1626 selis,
757 1574 786 1616 ut
801 1563 869 1633 spud
887 1563 982 1617 horrea
1006 1561 1053 1617 fiat
1069 1565 1181 1618 clarium
1231 1563 1314 1615 tionis
1334 1565 1498 1617 ceremonias
1525 1567 1699 1628 iuscucrant,
1716 1563 1812 1633 quibus
1830 1568 1964 1629 augentur
1989 1559 2052 1611 aisn·

364 1644 489 1713 truditio,
506 1648 546 1702 ai·
565 1642 696 1702 firmatim
714 1646 774 1699 eliis
791 1645 879 1718 potior
898 1662 955 1700 esse
973 1648 1086 1700 sidctor.
1105 1647 1184 1702 Forte
1233 1646 1348 1714 plicibus
1364 1648 1501 1718 religionis
1519 1648 1623 1718 opinio,
1642 1656 1669 1700 et
1681 1645 1823 1698 liberalitas
1837 1642 2050 1711 ambitionepro-

362 1725 434 1780 haud
458 1728 622 1782 incommoda
650 1727 789 1794 distinctio
816 1738 857 1780 est
889 1727 960 1783 iuter
984 1730 1182 1784 translationem
1231 1744 1373 1799 secarctur,
1391 1735 1471 1788 simul
1486 1734 1648 1789 adimeretur
1666 1731 1776 1784 seculari
1794 1727 1878 1798 judici
1897 1725 1967 1778 cirea
1980 1726 2051 1790 eius·

362 1808 476 1862 dominii
489 1819 517 1863 et
533 1812 713 1882 possessionis.
734 1811 868 1864 Possessio
886 1813 958 1863 enim
980 1830 1032 1865 uon
1051 1812 1105 1863 uisi
1123 1821 1182 1863 actu
1233 1816 1303 1869 modi
1323 1819 1473 1886 largitiones
1491 1819 1630 1890 arbitrium
1648 1827 1724 1886 atque
1740 1813 1890 1868 auctoritas·
1907 1811 1966 1880 sto
1991 1826 2051 1880 spe·

361 1895 493 1966 eorpornli
516 1896 616 1965 acquiri
643 1907 747 1967 potest,
764 1906 791 1950 st
810 1897 844 1951 ita
862 1897 965 1950 ridetur
982 1895 1145 1966 explicanda.
1164 1897 1182 1948 i.
1231 1914 1281 1954 ctat
1299 1904 1432 1971 Seotatio,
1451 1915 1480 1958 ιι
1499 1902 1613 1957 Sebilter
1632 1898 1789 1955 commod
1804 1893 1944 1969 jusscud.
1968 1893 2048 1946 uleus.

360 1975 407 2029 ts.
413 1975 457 2045 ff.
469 1979 502 2034 dr
521 1990 608 2032 contr.
624 1990 702 2043 ιιιιιι.
719 1979 773 2032 sid.
792 1979 836 2032 dn.
856 1981 960 2034 Prscaes
985 1981 1051 2052 disp.
1072 1981 1106 2034 ds
1120 1995 1182 2046 pes·
1233 1986 1337 2040 dissert.
1355 1986 1388 2039 de
1406 1988 1467 2041 ton,
1486 1987 1605 2041 taudem.
1623 1991 1647 2048 ς.
1666 1983 1692 2036 b.
1709 2001 1739 2050 p.
1758 1976 2049 2040 munusculorum

359 2076 423 2114 sess·
434 2062 606 2116 instrument.
623 2081 646 2116 e.
665 2065 691 2117 3.
710 2083 739 2116 ιι.
757 2065 783 2115 2.
801 2079 872 2136 seqq.
893 2065 940 2118 Ast
958 2075 985 2118 et
1003 2067 1063 2116 sine
1079 2082 1181 2135 posses·
1234 2072 1374 2126 vocabatis:
1388 2071 1680 2138 Setoshsetsatsung,
1694 2064 1948 2130 &corruentium
1959 2061 2049 2114 cedris·

360 2144 435 2196 sicce
458 2145 577 2199 tonius·
601 2164 689 2200 rerum
712 2145 849 2200 transferri
875 2164 951 2218 possa
976 2159 1045 2218 patet
1063 2150 1184 2218 exemplo
1232 2177 1290 2222 serr,
1308 2159 1471 2212 decerninus
1485 2157 1616 2212 caeoldo
1630 2145 2051 2222 Fresucglossnmdeoe.Sco·

360 2227 488 2282 cessionis
500 2228 529 2280 in
547 2231 612 2296 jure,
633 2232 812 2294 haereditatis,
829 2233 980 2301 legatorum.
995 2234 1028 2285 Et
1043 2235 1079 2286 ita
1093 2239 1182 2305 cupti-
1231 2246 1315 2310 tntio,
1333 2244 1464 2298 Geneales
1481 2242 1579 2298 eornm.
1599 2235 1817 2296 antecurrit.
1835 2253 1894 2304 cup.
1908 2234 1961 2286 llo.
1976 2231 2049 2285 toss-

358 2322 415 2365 oata
427 2311 447 2364 i.
461 2315 487 2364 1.
498 2313 667 2370 c.dedonut.
680 2317 733 2386 legi
744 2315 786 2368 ii.
785 2314 828 2386 ff.
841 2318 1009 2378 ιιιοιιιιιι..
1023 2329 1099 2390 empt.
1112 2323 1182 2376 hand
1232 2344 1274 2380 ses
1291 2329 1400 2400 dejure
1418 2344 1487 2380 sens.
1506 2327 1611 2390 dissert.
1638 2327 1664 2378 7.
1681 2342 1702 2377 ι.
1729 2324 1755 2376 2.
1781 2321 1853 2384 §.d
1877 2328 1905 2371 et
1927 2317 1992 2386 disp.
2015 2316 2048 2370 de

358 2397 452 2453 ⁰b³¹¹h
1230 2428 1302 2480 poss.
1321 2415 1490 2469 instrument.
1508 2433 1530 2468 ι.
1551 2417 1574 2466 1.
1593 2419 1617 2474 t.
1637 2411 1682 2462 ss.
1702 2407 1804 2460 llubcr.
1822 2401 1910 2475 praei·
1928 2401 1967 2454 cd
1983 2401 2044 2452 sisti·

396 2501 418 2558 t.
436 2493 462 2548 b.
481 2494 665 2551 insumerent
682 2495 789 2568 qnidam
808 2495 968 2568 symbolicae
988 2497 1123 2553 traditioni
1144 2498 1179 2551 si·
1228 2498 1270 2550 sit.
1286 2499 1319 2552 de
1336 2517 1359 2551 r.
1377 2497 1404 2553 d.
1422 2517 1450 2552 ιι.
1469 2499 1513 2549 id.
1532 2497 1625 2560 Dinis,
1643 2501 1673 2546 nt
1688 2492 1800 2553 ridetur,
1814 2486 1931 2558 primurn
1952 2483 2045 2536 usitata

249 2573 257 2594 ⁸
361 2573 559 2647 suificationem
578 2582 702 2644 trabium,
722 2581 789 2636 moti
808 2579 877 2635 forte
888 2580 975 2634 serbis
987 2580 1043 2634 leti
1057 2583 1085 2633 in
1098 2582 1117 2633 l.
1133 2566 1176 2633 tt.
1229 2583 1256 2635 in
1273 2583 1376 2638 actibus
1394 2584 1463 2636 inter
1480 2582 1552 2640 siros
1567 2591 1595 2634 et
1612 2599 1626 2631 a
1643 2579 1713 2632 clero
1731 2576 1759 2626 iu
1778 2569 1915 2626 ecclesium
1929 2565 2045 2632 inducta,

345 2659 458 2732 firnffi
476 2663 511 2720 de
527 2667 610 2733 parab.
627 2675 654 2719 ct
672 2682 770 2720 comm.
789 2666 832 2718 rei
854 2665 935 2717 vend.
969 2665 1070 2719 Trabes
1088 2664 1180 2718 videri
1227 2669 1382 2722 ceremoniis
1400 2664 1587 2740 superadditis,
1606 2682 1671 2736 quae
1690 2663 1812 2715 haberent
1833 2653 1968 2723 religionis
1986 2667 2046 2720 spe·

359 2745 476 2802 ‘'⁰³5¹ss
484 2783 492 2812 ι
509 2749 548 2801 ⁸1⁸
566 2749 675 2811 Plttltsss
693 2765 761 2820 tw
779 2757 885 2814 mdiv?
909 2748 1051 2818 fignwsl·
1076 2752 1176 2803 Verum
1226 2753 1302 2806 niem.
1321 2753 1355 2805 Et
1373 2768 1433 2805 eum
1451 2751 1564 2805 rariores
1583 2755 1670 2802 essent
1686 2745 1843 2814 largitiones
1868 2735 2045 2799 interrivos,

360 2847 417 2885 eam
435 2828 658 2900 significationem
677 2832 799 2886 terbum:
816 2829 934 2895 uidctw,
948 2851 963 2883 a
975 2831 1044 2884 ictis
1059 2847 1106 2901 pro
1120 2849 1175 2883 mo·
1224 2847 1251 2889 ct
1270 2837 1401 2892 faciliores
1418 2836 1500 2890 simus
1516 2833 1549 2889 ad
1569 2830 1789 2898 transferentium,
1800 2825 1868 2897 quod
1880 2822 1986 2876 ulterius
1999 2835 2042 2872 re·

358 2914 443 2970 destia
460 2915 568 2970 illorum
587 2924 734 2985 temporum
753 2926 781 2968 ιι
798 2931 831 2968 en
848 2931 897 2966 usu
913 2913 1060 2985 platonicae
1079 2922 1106 2968 ct
1119 2929 1174 2966 aca-
1225 2921 1310 2975 tinere
1327 2939 1379 2975 nou
1401 2935 1548 2991 possuma,
1565 2917 1598 2971 ad
1617 2917 1771 2970 ultimarum
1791 2911 1952 2966 soluntatum
1974 2904 2044 2958 sols.

358 2998 476 3054 demisse
492 3011 582 3066 sectae,
599 3000 642 3053 cui
660 3016 780 3069 magnum
794 3011 895 3070 partera
909 2997 1009 3052 addicti
1021 3009 1107 3064 erant,
1118 3015 1172 3052 sse·
1227 3003 1365 3056 mnitutem
1386 3011 1428 3054 est
1444 3000 1572 3053 adhibita.
1590 2999 1657 3054 Nem
1676 3003 1892 3052 testamentorum
1910 2992 1937 3044 in
1956 3006 1986 3044 ιι
2004 3003 2042 3040 re·

358 3084 421 3155 pius
439 3085 554 3156 positum
563 3083 646 3153 sorte
664 3103 717 3140 non
736 3087 829 3140 innuit.
844 3084 935 3139 Potius
953 3086 1077 3157 proprias
1095 3085 1174 3137 tradi·
1217 3102 1268 3156 gno
1287 3086 1374 3138 nullus
1392 3095 1447 3137 tum
1465 3093 1519 3138 erut
1535 3100 1605 3136 usus.
1624 3083 1665 3136 lle
1684 3080 1731 3132 hao
1745 3077 1890 3133 scotstioue
1907 3079 2044 3128 textusest

360 3169 429 3222 sioni
447 3186 646 3225 annumeratam
660 3170 864 3238 hanespecism,
883 3169 950 3240 qnod
965 3170 1113 3233 nonaliud,
1127 3167 1172 3222 sed
1224 3173 1251 3224 in
1267 3188 1293 3224 e.
1311 3190 1347 3225 ea
1364 3171 1449 3225 literis
1466 3167 1493 3221 2.
1511 3188 1541 3222 ι.
1558 3169 1591 3222 de
1607 3161 1764 3222 consuetud.
1790 3162 1821 3214 Si
1844 3177 1913 3212 uero
1939 3156 2043 3226 uliquis

359 3268 405 3308 res
421 3252 479 3323 ipsa
499 3252 623 3320 traditur,
640 3255 703 3324 quia
714 3251 856 3308 difficulter
869 3265 996 3318 moretur,
1007 3253 1173 3306 exhibitione
1221 3258 1405 3324 posscsssbnes
1421 3254 1526 3325 aliquos
1544 3251 1668 3308 claustris
1685 3249 1731 3302 uel
1747 3247 1810 3302 aliis
1822 3240 1955 3313 religiosis
1975 3238 2041 3295 locis

362 3337 495 3410 praesenti
512 3346 540 3391 et
557 3346 616 3394 aetu
636 3333 846 3408 significationis.
865 3353 923 3407 urg.
940 3337 961 3390 l.
979 3340 1005 3390 t.
1016 3335 1043 3409 5.
1058 3353 1120 3408 pen.
1129 3335 1171 3406 ff.
1222 3342 1251 3392 ic
1271 3335 1342 3393 ioca
1359 3340 1510 3392 valetudine
1527 3338 1573 3390 vel
1589 3336 1685 3389 ultimo
1703 3331 1844 3386 uoluntate
1858 3345 1910 3398 pro
1929 3339 2041 3377 suorum

361 3423 543 3492 dms-12⁰⁸&
1222 3425 1277 3479 scalt
1294 3424 1409 3477 remedio
1427 3432 1594 3491 peecatorum
1620 3419 1762 3489 ccesserre3
1789 3416 1861 3468 dune
1881 3405 2047 3478 conserendi

395 3501 419 3576 5·
437 3505 463 3557 6·
483 3505 534 3559 δαὶ
551 3503 615 3573 <tuid
633 3501 825 3575 respondemus
846 3501 877 3556 nd
895 3502 914 3555 ¹·
934 3505 960 3556 1·
979 3509 999 3564 i·
1018 3499 1093 3570 Μ’·
1111 3501 1174 3555 ⁶⁰¹²·
1212 3500 1342 3577 firmuis·
1360 3525 1418 3562 esse
1431 3505 1570 3578 proponis,
1589 3501 1663 3575 quod
1678 3501 1707 3556 irs
1720 3495 1876 3570 husjusmodi
1886 3492 2042 3548 donationi·

361 3587 387 3640 ti
403 3587 507 3642 dulium
525 3589 661 3656 signatum
686 3589 724 3638 sit
746 3586 781 3638 ab
797 3597 933 3655 emptore,
963 3585 1101 3639 Trebatius
1119 3585 1170 3648 nit,
1222 3592 1271 3644 dus
1288 3590 1422 3644 modicum
1439 3601 1529 3644 terena
1544 3587 1686 3643 compenis
1703 3585 1732 3637 in
1758 3599 1843 3632 manu
1861 3577 1980 3648 occipere
1998 3573 2040 3626 sei

357 3668 487 3724 traditum
499 3670 530 3724 id
545 3669 649 3725 videri:
665 3670 742 3724 iubeo
760 3680 873 3723 conve:
892 3667 967 3738 quod
977 3680 1004 3722 et
1015 3685 1113 3724 veruna
1124 3681 1170 3722 est:
1222 3675 1250 3726 ιἰι
1269 3675 1442 3728 ιιιιιιιιίιιιι
1456 3672 1545 3743 pallii,
1563 3672 1637 3742 quod
1653 3685 1735 3723 moun
1751 3661 1869 3733 preciosi
1883 3664 2040 3724 sustinetur,

358 3754 446 3826 megia
460 3752 549 3822 eninr,
571 3771 606 3807 ssa
629 3763 822 3816 summutctur,
846 3753 951 3822 ss'gnmi
964 3752 1067 3816 solers,
1092 3771 1172 3820 quom
1221 3769 1270 3812 nur
1286 3774 1366 3824 super
1382 3759 1471 3812 ultore
1486 3757 1656 3827 ponendum,
1667 3751 1715 3807 rub
1727 3747 1882 3804 testimonio
1895 3745 2041 3798 videntium

364 3850 394 3894 ut
410 3839 516 3893 tradere
532 3849 590 3892 tum
603 3835 746 3892 sidentur?
763 3835 861 3904 signari
882 3836 914 3886 iu
931 3835 1013 3887 alium
1032 3832 1113 3888 finem
1125 3836 1171 3889 do·
1222 3854 1248 3896 ss
1265 3843 1441 3907 audientium,
1459 3841 1507 3896 sut
1525 3838 1717 3910 artufinus,
1730 3850 1798 3906 quse
1811 3830 1930 3888 Seotatio
1948 3829 2040 3900 sulgro

357 3922 393 3975 lia
414 3937 489 3993 posse
505 3920 659 3993 excipiunt,
675 3921 721 3991 qui
739 3919 900 3973 antinosnius
926 3921 1037 3972 omnino
1060 3930 1171 3988 negent.
1221 3924 1457 3997 riterappsttatur.

356 4008 455 4061 Verum
473 4022 561 4060 aunon
579 4013 607 4058 et
623 4003 711 4057 trabes
725 4003 755 4056 in
770 3995 891 4057 eumdem
904 3998 989 4054 finem
1001 4003 1100 4071 signari
1113 4020 1171 4073 pos-
1255 4007 1280 4080 ᾗ
1297 4010 1323 4061 9,
1341 4009 1381 4062 εχ
1400 4027 1429 4062 ,0
1445 4007 1513 4061 ,tert
1533 4003 1666 4080 pontifistt
1691 4003 1743 4059 fuit
1767 4003 1797 4058 tn
1823 4000 1889 4056 ,tiss
1917 3993 2040 4066 regiones

356 4087 436 4144 senti
454 4090 628 4158 Distinguunt
646 4088 703 4153 alii,
722 4105 756 4140 au
774 4099 843 4152 ante,
861 4104 894 4140 an
912 4099 971 4156 post
989 4085 1168 4141 venditionem
1221 4096 1273 4161 jum
1292 4091 1445 4146 transferes.
1463 4091 1529 4145 Num
1550 4100 1576 4144 st
1593 4087 1663 4160 apud
1682 4087 1796 4142 Francos
1815 4083 1843 4138 in
1856 4098 1904 4135 nsu
1918 4078 1970 4132 fuit
1987 4077 2037 4131 sub

356 4173 470 4242 signatio
487 4168 548 4236 bat;
567 4181 672 4228 assero
690 4171 788 4226 disersi
801 4187 875 4226 casus
894 4171 1007 4241 supponi
1020 4187 1072 4224 nnn
1083 4171 1171 4225 siden·
1219 4177 1271 4231 ctio
1289 4179 1404 4233 nomine.
1419 4177 1529 4230 Seotars
1546 4177 1618 4230 enirn
1638 4172 1705 4244 ipsis
1722 4170 1913 4236 laisowerpire,
1939 4165 1968 4219 in
1987 4163 2041 4220 lni-

355 4267 397 4312 tur
413 4275 428 4309 a
445 4257 513 4312 lctis
527 4255 757 4310 dissentientibus.
770 4255 840 4307 Mihi
853 4252 960 4324 quidem
974 4255 1101 4324 insperso
1113 4270 1170 4308 csse
1219 4276 1279 4316 snm
1298 4260 1424 4333 werpire,
1444 4260 1561 4324 dicturo,
1581 4260 1631 4312 hoo
1650 4265 1704 4311 est:
1724 4253 1859 4308 insicum
1879 4249 1994 4313 tradere,
2017 4247 2036 4300 l.

355 4337 499 4405 dissensus,
517 4338 716 4394 eonsenicutior
733 4355 794 4393 sero
813 4338 887 4407 prior
906 4337 1034 4391 sententia
1051 4339 1167 4405 ridetur,
1217 4345 1302 4399 satiba
1318 4346 1360 4398 tit.
1377 4343 1420 4396 l8.
1437 4343 1506 4412 quod
1531 4342 1629 4395 laisum
1653 4340 1737 4394 Dauis
1762 4336 1870 4408 pallium
1897 4327 2036 4386 estensium

356 4421 425 4492 quod
444 4422 471 4474 iu
488 4432 619 4476 contractu
637 4421 752 4476 dominii
770 4420 918 4475 translative
936 4420 974 4485 id,
991 4422 1061 4491 quod
1080 4430 1169 4474 netum
1218 4425 1368 4499 significat,
1385 4426 1421 4479 du
1438 4425 1536 4480 Fresne
1557 4427 1671 4495 glossar.
1697 4439 1760 4476 noc.
1789 4418 1918 4486 Werpire.
1938 4415 1969 4466 lu
1988 4415 2040 4466 hac

355 4517 410 4570 css,
434 4506 549 4560 dominii
576 4505 753 4559 transferendi
771 4521 846 4558 causa
865 4512 952 4557 aetum
970 4516 1166 4574 praesumetur,
1218 4512 1360 4566 scuntions
1379 4510 1512 4580 singulare
1528 4520 1587 4572 est,
1604 4507 1673 4578 quod
1693 4507 1756 4558 lieet
1774 4512 1802 4558 ct
1820 4501 1847 4553 in
1872 4499 1975 4552 ultimis
1993 4515 2038 4550 co·

354 4590 409 4647 sid.
428 4585 525 4660 Carpe.
541 4608 566 4657 p.
585 4591 714 4644 2001251·
735 4590 777 4640 37-
796 4585 852 4657 defi
872 4587 915 4638 ¹⁰·
934 4586 1002 4640 Md·
1014 4605 1117 4656 ‘tw‘ttts
1134 4588 1168 4642 de
1217 4596 1363 4650 luctatibus
1382 4595 1428 4647 hie
1446 4594 1538 4647 modus
1557 4590 1680 4644 adbiberi
1694 4589 1787 4642 solitus
1805 4591 1882 4649 esset,
1908 4583 2038 4638 tamenin

354 4673 404 4727 hac
422 4675 529 4728 mistis
549 4675 620 4728 Pstth
638 4671 771 4726 Christiu.
789 4674 847 4726 ¹¹⁰1·
871 4673 898 4725 2·
921 4672 975 4726 dec·
996 4674 1167 4728 unruoch.
1217 4697 1248 4733 eo
1266 4681 1358 4733 ssltens
1376 4678 1485 4734 differre
1508 4677 1624 4732 rideatur
1644 4673 1677 4727 ab
1696 4685 1753 4726 actu
1775 4673 1846 4725 luter
1865 4669 1952 4730 siros,
1966 4663 2039 4737 quod

355 4756 450 4810 consil.
466 4757 526 4809 122.
539 4775 567 4811 ιι.
579 4757 622 4810 30.
636 4755 748 4810 Franci.
763 4755 801 4810 od
802 4755 842 4826 ffi
854 4755 894 4809 tit.
909 4753 1008 4827 depar-
1027 4765 1054 4812 et
1070 4775 1167 4813 comm.
1215 4761 1379 4816 ususfructus
1396 4778 1478 4832 penes
1495 4761 1646 4815 dnnntorem
1666 4765 1739 4810 essct
1765 4754 1798 4809 ad
1823 4753 1882 4808 dies
1905 4752 1993 4813 sitne,
2012 4756 2041 4802 et

354 4839 395 4896 rst‘
406 4837 483 4894 send.
496 4840 515 4892 1·
528 4843 552 4894 1·
563 4841 586 4907 δι
599 4840 625 4895 2·
638 4857 668 4908 Ρ·
683 4839 744 4892 57⁹·
1218 4847 1346 4917 possessio
1365 4858 1444 4900 morte
1462 4845 1568 4898 demum
1591 4839 1785 4904 transferretur,
1799 4847 1899 4892 mutare
1912 4852 1974 4888 sero
1984 4834 2039 4887 ani·

389 4921 413 4996 5.
431 4926 458 4978 t.
478 4924 623 4980 [intulimus
641 4923 811 4978 traditionem
831 4923 1000 4995 symbolicam
1011 4923 1043 4978 nd
1055 4929 1167 4998 specties
1218 4948 1289 4983 mum
1308 4942 1333 4984 et
1350 4947 1468 4984 resomrc
1487 4926 1656 4980 donationem
1675 4924 1778 4975 licitum
1798 4919 1866 4973 haud
1880 4915 2038 4970 enectum

353 5005 430 5062 fietne
449 5007 611 5073 traditionis,
629 5023 692 5078 quaa
713 5019 798 5062 tamen
820 5011 1166 5082 flubernaprns1.ndinst.
1216 5014 1394 5086 poenitentioe
1410 5013 1495 5064 locum
1515 5027 1566 5064 non
1584 5007 1716 5077 relinqui,
1739 5014 1808 5076 putet
1826 5019 1858 5058 er
1876 4999 1964 5057 serbis
1988 4998 2039 5052 ott.
2072 5026 2075 5034 ·

353 5095 395 5149 tit.
412 5092 446 5145 dc
464 5110 487 5146 r.
505 5093 530 5146 d.
551 5111 578 5145 n.
597 5091 641 5144 st.
660 5093 798 5157 discernit,
810 5111 839 5146 oa
852 5095 1084 5161 rationeaddueta,
1096 5100 1165 5168 quod
1215 5115 1273 5166 eun.
1290 5112 1365 5168 seqq.
1382 5095 1506 5149 Fues'ctis
1519 5091 1735 5148 irrevocabiliter
1744 5086 1891 5150 obsessori,
1906 5101 1968 5141 cum
1986 5083 2039 5136 tu·

353 5178 382 5228 in
400 5173 459 5233 fletu
479 5175 621 5232 traditione
638 5177 708 5229 nihil
727 5187 849 5247 geratur,
868 5179 896 5231 in
916 5179 1057 5249 symbolica
1076 5182 1167 5253 ntique
1208 5181 1334 5256 jusmodi
1349 5179 1465 5249 signum,
1483 5177 1561 5249 quod
1576 5176 1691 5232 scotatio
1710 5173 1825 5236 dicitur,
1840 5187 1896 5224 non
1919 5164 2032 5235 tumjis·

352 5259 514 5314 celebrentur
531 5260 623 5330 aliqui,
638 5259 698 5314 licet
711 5262 812 5332 analogi
826 5263 995 5332 etsymboliei
1010 5275 1093 5328 actus,
1105 5283 1166 5327 ιιιιι
1215 5265 1272 5320 ctae*
1295 5264 1471 5328 denotionis,
1491 5279 1575 5335 puccs
1594 5259 1712 5314 traditae
1727 5255 1904 5327 possessionis
1922 5252 1958 5305 sit
1975 5249 2037 5305 evi·

353 5343 423 5397 nihil
440 5343 497 5414 geri
515 5353 542 5398 et
558 5344 659 5414 aliquid
683 5345 819 5416 analogum
838 5348 894 5416 geri
920 5346 1028 5402 differre
1054 5359 1104 5404 tcto
1121 5367 1163 5420 qe·
1216 5349 1281 5402 dens
1298 5355 1495 5416 argumentum.
1521 5343 1554 5398 Et
1577 5344 1644 5414 quod
1669 5359 1716 5414 per
1740 5340 1806 5395 hano
1827 5335 2038 5392 consecrationis

353 5445 427 5484 nere.
444 5429 499 5482 Nos
516 5425 608 5484 nescu
625 5444 683 5482 esse
700 5441 821 5498 putamus
837 5447 890 5485 nou
905 5439 1007 5484 tantum
1026 5430 1071 5484 ubi
1085 5431 1164 5501 nihil,
1215 5431 1329 5502 speciem
1349 5430 1404 5483 Deo
1420 5427 1535 5481 oblatum
1550 5438 1617 5490 crat,
1630 5425 1764 5479 desinebat
1774 5437 1831 5476 esse
1842 5422 1870 5474 in
1884 5419 1961 5472 bouis
1975 5417 2037 5486 pri·

351 5511 398 5566 aed
417 5524 441 5566 et
457 5512 505 5565 ubi
522 5510 592 5564 aliud
607 5511 723 5578 geriturs
735 5511 1163 5582 qusmsisfacileeonoesacrimus,
1216 5526 1343 5568 satorum.
1364 5511 1452 5581 ltaque
1470 5521 1575 5575 sotum,
1597 5508 1665 5579 qrsod
1686 5505 1855 5560 irrevocabile
1879 5515 1938 5569 eat,
1964 5503 1983 5556 l.
2008 5501 2034 5556 2.

351 5596 549 5651 distinctionem
569 5598 644 5651 istam
663 5595 695 5649 ad
716 5598 845 5652 faciliores
859 5607 999 5666 conceptus
1012 5595 1163 5652 formandos
1203 5594 1244 5665 βξ
1263 5597 1296 5650 de
1312 5593 1425 5662 pollicit.
1446 5596 1534 5665 potius
1553 5591 1737 5662 fecissequuus
1767 5590 1860 5644 mortis
1889 5603 1963 5641 eausa
1982 5588 2033 5639 do·

351 5680 446 5744 ‘testes
464 5700 517 5737 non
534 5685 646 5739 alterare
664 5685 823 5745 doctrinam,
841 5697 889 5734 nco
909 5679 1163 5736 diuersosindueere
1214 5696 1289 5733 ursae
1306 5678 1416 5732 donator
1440 5676 1585 5730 ridebatur.
1613 5677 1689 5729 Plura
1715 5674 1800 5729 sideri
1825 5681 1936 5744 possunt
1962 5670 2034 5750 apud

352 5761 468 5832 effeetus,
489 5774 517 5819 ιι
534 5766 604 5821 nibil
622 5767 719 5836 obstet,
737 5765 878 5839 quominus
895 5781 924 5819 ca
942 5761 1102 5822 adhibentur.
1214 5761 1330 5820 Ostssld·
1349 5761 1469 5832 diliger.
1489 5758 1522 5815 ad
1543 5761 1648 5816 Dourll.
1666 5759 1711 5815 lib.
1730 5759 1756 5814 b.
1773 5774 1872 5814 comm.
1889 5774 1912 5811 e.
1940 5756 1964 5808 lt.
1991 5754 2031 5812 iit.
