4470 6188
208 231 262 286 l'll
749 231 797 288 DE
814 235 905 292 tutto
923 189 1149 296 inootnsttot
1169 238 1233 284 xro.
1728 229 1786 284 179

143 307 222 386 *ileos
237 341 395 398 oppugnere
411 322 579 394 siderentur,
598 325 629 380 ed
648 327 780 400 petetisos
798 332 888 400 genios
909 333 968 385 illos
1015 329 1154 389 omittere,
1173 337 1253 394 quero
1274 317 1405 388 ejusmodi
1423 317 1618 390 anguillaribus
1630 319 1767 376 limitibus
1777 323 1842 378 libc-

160 415 275 472 tutetsru
295 426 349 465 sote
369 428 414 463 sne
433 410 600 480 dirigebant,
619 423 646 466 et
664 415 862 467 honestissimis
881 417 969 470 serbis
1016 416 1114 469 rioretn
1133 410 1312 463 trectetiouem
1332 403 1474 458 includere.

161 515 282 554 secessum
302 494 465 556 soedebeut,
484 511 544 546 cuns
564 498 707 565 sponsione
727 498 844 550 melioris
863 501 970 564 cultus,
1050 496 1076 567 5
1097 495 1124 546 6.
1146 487 1348 560 inspicebirour
1366 485 1399 538 ob
1417 485 1476 556 ipso
1491 486 1579 556 Uilli
1597 487 1706 558 lffll’i‘ll
1720 489 1837 562 imvm·

161 583 182 638 si
198 583 289 636 relleut
305 581 338 632 ed
358 581 429 648 ipsos
447 577 578 630 secedere.
597 579 628 630 Et
647 581 716 649 quod
735 582 793 632 siue
810 581 973 650 jucunditate
1024 590 1089 644 tore,
1108 572 1313 644 iurett'tgetoei,
1334 587 1366 624 en
1388 570 1452 640 qnid
1470 571 1536 637 iuris
1554 572 1695 640 singuleris
1721 573 1749 624 io
1777 575 1842 644 ipso

162 665 207 734 legi
225 681 277 716 ooo
297 671 405 731 potest,
422 660 444 710 ei
466 657 533 711 lorte
547 661 713 728 ignorereut,
727 665 799 729 cujus
813 663 919 732 generis
932 664 972 716 sel
1019 665 1068 729 sit,
1087 661 1154 733 quod
1175 657 1303 728 praesenti
1323 655 1471 708 tractationi
1489 656 1629 707 commode
1643 657 1769 710 inservire
1780 676 1843 728 pos·

162 765 250 812 sexus,
269 749 376 800 mittete
403 760 435 794 en
455 742 566 810 ptteutue
583 754 651 796 essct
665 745 798 807 tuteleris,
815 747 860 813 qui
875 748 972 814 pruesi·
1020 749 1069 809 stu
1087 742 1253 817 quaestionis
1272 742 1361 808 itaque
1379 751 1434 799 est,
1454 753 1488 788 eu
1507 737 1654 806 imperetur
1668 738 1778 790 stetibus
1791 742 1842 792 im·

163 833 250 896 deret,
272 831 299 882 io
318 826 426 898 sincipiti
446 827 491 880 ills
509 825 674 878 dubitetioue
692 827 724 879 ad
743 841 880 897 utrumque
892 845 973 897 genus
1020 831 1087 900 perii
1109 831 1137 880 in
1156 828 1211 878 suis
1228 821 1375 876 territuriis
1396 818 1563 872 munitiones
1587 821 1750 889 erigentibus
1762 824 1789 872 id
1804 824 1845 876 iu·

164 917 237 972 sirile
254 927 278 967 et
297 911 454 966 loemineum
475 925 562 980 preces
573 911 705 964 sertebeut
718 910 831 966 lormule
842 913 970 981 sequentis
1019 915 1150 967 terdicere
1169 904 1272 980 possit?
1294 907 1421 958 Disersee
1440 903 1484 955 bic
1497 915 1555 957 eunt
1566 905 1725 972 opiniones,
1739 917 1764 958 et
1775 905 1845 976 quod

165 999 196 1052 Si
209 1002 292 1062 Deus,
310 997 335 1050 si
352 997 415 1049 Deo
432 1010 474 1059 es,
492 997 541 1048 cui
553 996 669 1063 populus
687 995 803 1060 uiuitur,
822 1013 845 1047 e.
864 1013 889 1064 g.
909 995 973 1049 Cer·
1021 1001 1072 1065 juro
1092 997 1203 1068 plurimi
1223 1005 1284 1044 unte
1307 1007 1350 1042 ree
1365 989 1556 1052 obsesserunt,
1578 992 1847 1061 proutquiequepsr.

166 1085 324 1154 tltegioeusis
341 1093 381 1136 est
393 1082 423 1134 in
434 1082 533 1147 tutelo,
552 1091 630 1150 teque
643 1082 763 1134 inarime
775 1079 829 1146 ille,
843 1080 975 1152 periuriis
1022 1083 1093 1133 tibus
1125 1075 1303 1148 imperetoriis
1329 1072 1465 1135 eddictus,
1493 1071 1534 1123 sel
1563 1073 1674 1125 stetilsus
1702 1074 1847 1140 edbeeret,

165 1168 239 1237 leuius
252 1165 400 1236 populique
413 1165 530 1220 tutelone
542 1164 678 1228 recepisti,
689 1181 789 1231 precor
801 1175 974 1233 vertiturque,
1021 1165 1057 1216 ite
1076 1164 1124 1215 bec
1145 1164 1173 1213 in
1193 1161 1347 1230 queestione
1363 1154 1430 1230 ulter
1442 1149 1574 1215 eibeenet,
1588 1154 1656 1205 alter
1669 1165 1757 1222 neget:
1770 1171 1846 1224 pree·

165 1254 264 1310 serieres
278 1271 295 1304 e
308 1249 389 1304 voiis
401 1260 473 1318 peto,
490 1258 519 1302 ut
531 1265 577 1302 cos
586 1248 713 1318 populum
727 1247 919 1314 civitatemque
932 1245 975 1298 de·
1021 1262 1126 1299 euntem
1145 1243 1266 1296 sumtum
1287 1238 1376 1318 tentis
1394 1236 1513 1306 sequitur
1530 1237 1653 1289 eelumnse
1666 1249 1742 1307 atque
1753 1241 1790 1290 ite
1805 1241 1847 1290 in·

166 1337 272 1400 teretis,
285 1334 347 1386 locu
360 1332 459 1404 templo
471 1348 550 1385 sucro
565 1332 711 1402 urbemque
722 1349 818 1384 eorum
837 1331 976 1400 relinquo·
1022 1330 1168 1386 traducitur
1188 1325 1377 1380 sententiosum
1392 1319 1553 1384 dirersitss,
1571 1335 1690 1390 querque
1707 1322 1848 1391 opiniones

166 1421 210 1486 tis,
228 1419 329 1489 eisque
346 1418 388 1470 lais
407 1415 616 1486 oiectir,eique
633 1417 732 1484 populo
752 1414 906 1484 civitatique
926 1433 977 1468 me·
1023 1411 1103 1464 initio
1121 1410 1239 1478 singulus
1256 1417 1335 1469 sunt,
1357 1404 1421 1457 teies
1441 1419 1504 1454 mox
1521 1418 1578 1455 esse
1604 1403 1743 1470 desinunt,
1771 1413 1844 1472 post·

166 1515 231 1568 tuor,
240 1499 428 1572 formidinem
439 1543 446 1565 ,
459 1499 624 1555 obliuionem
642 1499 789 1572 injiciatis,
815 1497 978 1568 proditiique
1023 1514 1101 1566 quem
1119 1512 1206 1548 eruore
1224 1502 1252 1545 et
1269 1490 1357 1543 studio
1373 1489 1507 1559 pestium,
1527 1488 1573 1540 elii
1592 1489 1655 1539 eliis
1674 1503 1730 1540 sese
1753 1489 1848 1556 utjuo·

167 1589 280 1643 Romam
297 1587 335 1638 od
360 1602 403 1638 nse
429 1600 554 1652 meosque
579 1583 707 1649 ceniutt's,
734 1592 881 1651 nostraque
905 1579 979 1634 nobie
1023 1595 1085 1654 gunt
1109 1580 1247 1650 gregetiru.
1274 1579 1373 1644 stsgou
1410 1585 1536 1624 numerus
1560 1581 1599 1623 est
1627 1582 1776 1638 sucturum,
1800 1573 1848 1642 qui

168 1669 225 1726 loco
243 1669 345 1740 templu
357 1683 436 1720 sacro
455 1667 521 1719 uris
538 1666 672 1737 acceptior
684 1666 830 1738 probatior
844 1663 896 1728 sit,
912 1663 979 1716 suilli
1026 1682 1074 1734 pro
1092 1664 1209 1733 pertibus
1227 1659 1339 1714 russerie
1357 1667 1437 1718 stent,
1462 1665 1775 1719 eutuneotes,ceesereo
1787 1672 1849 1712 con·

166 1751 320 1821 populoque
339 1752 467 1802 llomono
486 1747 665 1820 militibusque
687 1748 832 1817 respondi
855 1746 929 1810 sitis,
948 1755 978 1799 ut
1024 1765 1099 1801 seusu
1117 1763 1182 1814 opos
1199 1761 1258 1796 esse
1276 1740 1390 1794 stetibus
1419 1738 1580 1791 ntunimeute
1609 1743 1783 1792 exstructuris
1813 1741 1843 1794 in

165 1833 277 1886 uturum
294 1829 538 1901 intelligamusque.
556 1831 587 1884 Si
602 1828 888 1899 itoficeritis,fisueo
901 1829 978 1882 erodis
1025 1833 1079 1886 suis
1097 1829 1260 1888 ditionibus,
1280 1842 1392 1896 qtsornru
1411 1824 1513 1894 eliquos
1532 1822 1593 1877 side
1610 1821 1679 1894 epod
1706 1823 1850 1877 Sclesrcde·

165 1917 261 1984 templu
280 1916 407 1980 ludosque
414 1914 579 1983 sucturum:
601 1913 653 1968 rid.
674 1912 791 1967 lducrob.
808 1914 949 1968 Saturnul.
961 1913 979 1965 l.
1025 1933 1082 1970 rum
1093 1915 1161 1988 jure
1172 1913 1249 1982 publ.
1260 1921 1332 1980 port.
1347 1908 1456 1980 special.
1471 1917 1535 1962 sect.
1552 1910 1580 1960 l·
1592 1925 1616 1961 c.
1631 1907 1674 1958 99.
1697 1908 1720 1972 5.
1745 1909 1769 1960 ³.
1789 1907 1849 1964 Non

168 1998 193 2052 6.
210 2017 272 2067 cop.
290 1999 315 2050 9.
333 1999 506 2052 Transierunt
524 2001 575 2052 iste
595 2009 726 2068 tempore,
743 1998 838 2066 quibus
851 1999 978 2068 supersti·
1025 1999 1112 2052 minor
1137 2015 1198 2050 sero
1217 2008 1255 2050 est
1274 2011 1399 2047 numerus
1419 2006 1532 2057 eorum,
1551 1991 1596 2060 qui
1616 1992 1642 2042 id
1663 2003 1779 2060 negent,
1802 1992 1849 2048 sed

172 2082 209 2136 tio
225 2101 276 2152 pro
293 2082 389 2135 rirtute
407 2092 478 2148 eretq
499 2083 552 2136 nisi
570 2079 637 2134 iorte
657 2081 787 2150 reliquies
805 2081 892 2134 adbuc
910 2080 977 2150 epod
1026 2082 1194 2153 principibus
1211 2093 1235 2133 et
1253 2078 1365 2130 statibus
1383 2077 1495 2128 liberem
1510 2072 1667 2128 iscultetem
1686 2092 1730 2128 sue
1744 2079 1850 2132 terrilo-

166 2163 335 2236 pontificios,
352 2165 396 2234 qui
417 2167 515 2218 seuctis
539 2167 594 2218 suis
619 2181 708 2218 curam
735 2165 800 2216 huuc
826 2164 980 2234 quendoque
1027 2168 1065 2220 ris
1084 2163 1221 2218 muniendi
1239 2169 1368 2215 esserunt.
1390 2159 1567 2212 dds-esserius
1593 2159 1636 2210 bic
1662 2171 1801 2224 excutere,
1819 2179 1849 2213 o·

166 2249 322 2320 imponunt,
340 2249 455 2302 existere
474 2247 585 2301 diserte,
604 2249 639 2298 lli
668 2247 740 2299 enirn
768 2248 902 2300 interdum
921 2266 979 2302 sen·
1026 2270 1105 2321 perse
1122 2251 1237 2322 pretium
1257 2249 1314 2302 erit·
1340 2243 1468 2315 Equidem
1495 2247 1542 2314 qui
1568 2243 1693 2296 dicebent
1718 2245 1767 2300 boc
1793 2263 1849 2298 ruu-

99 2353 115 2362 “
164 2343 262 2388 ntorum
283 2343 484 2405 sanctarumque
500 2333 599 2387 cohorti
617 2335 727 2386 salutern
747 2350 853 2386 suerurn
872 2334 979 2388 urbium
1027 2336 1119 2389 nieudi
1139 2339 1194 2402 jus,
1213 2345 1240 2385 et
1258 2332 1309 2385 elie
1328 2333 1386 2399 ejus
1404 2329 1529 2397 generis,
1549 2331 1581 2382 ed
1609 2337 1738 2382 recensete
1758 2331 1849 2400 impe·
1931 2396 1933 2405 Ι

164 2427 293 2490 occeptum
314 2415 419 2481 icrunt,
432 2428 458 2470 et
473 2429 560 2470 ooturu
574 2429 624 2482 est,
636 2419 705 2486 quod
722 2416 810 2470 Sonus
824 2417 980 2488 cunigunde
1028 2421 1119 2473 retoris
1137 2417 1286 2489 pertinere,
1305 2424 1332 2466 et
1353 2417 1409 2484 ipss
1429 2414 1492 2467 brec
1509 2413 1607 2482 regelie
1626 2429 1683 2466 esse
1695 2415 1768 2484 qussi
1783 2432 1844 2468 sen·

164 2501 261 2556 cisituti
282 2499 471 2570 Berobergeosi
492 2511 591 2554 tentum
612 2503 702 2554 tutelae
720 2513 746 2555 et
763 2499 926 2555 defensionis
938 2519 981 2554 ex·
1028 2515 1099 2558 ctum
1113 2515 1259 2557 secutorum
1283 2503 1310 2553 in
1328 2497 1397 2570 quod
1417 2515 1495 2550 neoto
1513 2497 1715 2564 intromittitur,
1728 2498 1782 2551 sid,
1796 2500 1848 2552 lte·

166 2581 284 2636 libuisse
302 2584 425 2638 credetur
443 2579 489 2637 blo
510 2583 589 2637 rubro
608 2586 710 2648 serico,
729 2597 853 2654 quintum
873 2603 905 2638 ne
926 2584 981 2640 lor·
1028 2589 1130 2656 iukiug.
1148 2587 1180 2640 de
1192 2585 1283 2655 regim.
1295 2599 1346 2637 sec.
1362 2597 1384 2637 st
1397 2581 1541 2635 ecclesiast.
1553 2581 1600 2634 iii.
1616 2583 1640 2632 l.
1651 2581 1730 2633 cluss.
1745 2581 1769 2633 l.
1782 2599 1845 2648 cop.

166 2667 284 2722 tissime
304 2668 464 2720 munitiones
482 2678 509 2720 et
528 2668 751 2721 instructissimus
764 2671 896 2722 exercitus
909 2687 981 2740 pree·
1031 2675 1071 2724 19.
1085 2689 1112 2724 n.
1126 2671 1189 2722 196.
1207 2669 1234 2722 iu
1255 2669 1321 2740 ipsis
1340 2667 1448 2719 haerere
1468 2663 1607 2716 humidum
1628 2663 1755 2729 rediculo,
1770 2679 1794 2717 et
1810 2667 1846 2718 lu-

165 2759 229 2804 stere
249 2753 347 2804 solent.
365 2749 460 2804 Nescio
480 2761 585 2814 temen,
602 2769 635 2803 en
653 2767 745 2804 omines
763 2753 894 2821 eequelem
914 2749 982 2805 lidu-
1027 2756 1136 2808 cultetes
1157 2753 1250 2806 vitales
1277 2753 1361 2822 ipsius
1381 2750 1543 2820 principatus
1563 2749 1682 2810 enimse,
1704 2749 1760 2818 ipse
1788 2765 1847 2803 esse

164 2833 226 2886 cisso
245 2835 280 2886 in
299 2835 374 2888 bisce
395 2835 500 2887 Sersctis
521 2834 664 2900 colloceulq
689 2834 769 2887 bodie
792 2853 903 2904 ususque
929 2855 981 2890 non
1028 2837 1174 2890 sebicnluns
1195 2836 1282 2902 regine
1299 2834 1458 2902 dignitatis,
1476 2849 1542 2902 quse
1562 2833 1665 2885 nemini
1687 2849 1734 2884 nec
1753 2842 1847 2901 petere

166 2927 214 2970 turn
232 2915 325 2989 geniis
342 2931 367 2971 et
387 2920 505 2986 sugetis,
518 2937 596 2987 quem
608 2919 791 2990 engolisbene
803 2917 982 2974 lirruetisoon·
1029 2939 1076 2974 uec
1093 2917 1201 2973 concedi
1222 2917 1260 2970 ies
1280 2919 1336 2981 sit,
1355 2917 1407 2968 nisi
1429 2916 1551 2986 princeps
1571 2915 1702 2968 homicide
1722 2905 1847 2988 proprius

166 2996 267 3068 bdunt,
287 3013 314 3057 et
331 3021 436 3058 ornnem
458 3002 511 3055 lere
524 3003 713 3057 elementorum
726 3005 866 3070 ordinem,
884 3006 981 3076 ignem,
1030 3004 1166 3074 diguitetis
1186 2999 1246 3054 beri
1264 3003 1356 3064 sellet,
1376 3000 1417 3053 id.
1437 2999 1482 3052 lib.
1498 3003 1523 3054 t.
1535 3000 1569 3052 cl.
1583 3002 1607 3054 li.
1626 3019 1648 3054 c.
1669 3003 1694 3054 6.
1716 3020 1742 3055 n.
1763 3003 1808 3054 96.
1820 3011 1848 3056 et

164 3095 283 3151 terrene,
301 3106 394 3157 equam
414 3085 442 3138 in
463 3085 613 3140 societstens
633 3104 768 3141 resumere
785 3089 880 3154 solent,
904 3100 933 3141 ut
951 3106 982 3142 eo
1030 3089 1073 3142 97.
1091 3088 1124 3141 ι6
1144 3088 1197 3140 illis
1214 3087 1280 3138 olim
1298 3087 1445 3154 segerrime
1465 3086 1569 3154 eliquid
1589 3084 1763 3139 obtinendum
1791 3084 1849 3141 luit.

164 3170 255 3224 melios
280 3172 411 3225 securiteti
430 3171 557 3240 salutique
576 3171 712 3240 regionum
733 3173 904 3242 prospicient.
922 3170 983 3224 Cer·
1032 3175 1063 3224 dt
1081 3172 1317 3241 enirn,postqueos
1339 3178 1376 3220 tot
1395 3169 1493 3238 egregii
1520 3169 1570 3224 siri
1597 3169 1848 3239 haeceulgnriedu-

161 3261 215 3306 tum
234 3265 297 3322 est,
317 3255 450 3325 principes
468 3271 586 3310 susumus
604 3257 669 3307 setis
687 3255 793 3309 edoctos
820 3254 853 3308 de
878 3253 979 3308 lortell·
1031 3257 1094 3308 dum
1114 3253 1316 3318 lebeiacterint,
1334 3269 1387 3305 uon
1415 3253 1472 3305 sine
1493 3251 1663 3323 suspicione,
1684 3255 1759 3322 qussi
1783 3253 1850 3324 quid

163 3337 258 3390 tiorum
282 3339 399 3392 utilitate
417 3339 499 3408 probe
518 3339 683 3408 intelligere,
705 3357 756 3393 uon
770 3341 841 3393 uliud
855 3341 886 3394 ed
902 3342 982 3393 totius
1028 3358 1118 3394 eornm
1136 3338 1232 3392 studiis
1249 3337 1378 3390 seruulurn
1398 3333 1494 3390 efferre
1506 3336 1584 3388 selim
1596 3374 1604 3401 ,
1617 3335 1679 3389 baec
1696 3339 1790 3389 iterum
1805 3355 1850 3407 eg·

161 3422 317 3491 prosint-,ise
334 3423 444 3477 selotero
464 3425 594 3476 illustrius
607 3435 634 3476 et
644 3422 821 3490 fructuosius,
835 3443 913 3496 quens
927 3427 981 3479 toee
1030 3425 1104 3492 gredi
1123 3425 1194 3476 licet.
1214 3422 1372 3491 Argumente
1387 3431 1472 3474 tamon
1487 3419 1541 3484 ille,
1555 3421 1650 3489 quibus
1663 3423 1720 3488 jure
1733 3429 1850 3474 stetnnns

161 3503 255 3558 bebere
277 3507 393 3568 munite,
411 3524 476 3575 quse
494 3505 588 3559 troicis
607 3505 739 3576 proesidio
756 3516 784 3560 et
804 3509 899 3560 tutelee
911 3518 982 3569 sunt,
1031 3505 1108 3557 dubie
1130 3504 1237 3557 reddere
1251 3503 1387 3555 coluerunt
1402 3537 1410 3564 ,
1428 3501 1550 3554 dumille
1566 3503 1769 3556 inusumsuurn
1783 3521 1845 3556 con·

162 3589 381 3657 periclitantibus
398 3591 498 3660 eeylurn
515 3599 544 3644 et
560 3587 691 3659 refugium
705 3602 849 3660 praestent,
864 3592 983 3644 inimicis
1031 3598 1130 3642 vertere
1149 3597 1259 3657 possunt
1278 3587 1338 3649 ulii,
1359 3585 1399 3636 illi
1419 3585 1541 3652 scilicet,
1559 3586 1602 3656 qui
1623 3587 1713 3640 eodem
1732 3605 1790 3642 cnm
1807 3607 1851 3640 en·

162 3688 221 3726 sero
239 3683 273 3726 et
291 3671 392 3726 insidis
411 3683 509 3726 suetum
529 3681 709 3744 terroremque
728 3675 847 3727 iucsstere
865 3685 983 3744 possunt.
1033 3674 1113 3742 tiquis
1134 3669 1249 3726 leruutur
1267 3671 1382 3739 spiritu,
1402 3685 1454 3722 oon
1485 3670 1591 3741 penitus
1617 3671 1785 3742 negligenda,
1804 3673 1850 3726 sed

163 3753 221 3808 lion
240 3775 307 3826 ergo
325 3757 417 3826 cepio,
435 3773 481 3810 cur
499 3757 644 3811 Germanis
662 3757 711 3811 boc
729 3755 815 3810 lurore
833 3754 985 3812 deirendsn·
1033 3757 1109 3827 peulo
1125 3755 1299 3810 examinende
1319 3767 1387 3808 sunt.

164 3839 262 3904 desit,
282 3851 312 3893 et
328 3855 406 3909 quern
423 3841 457 3891 ob
475 3855 578 3891 censens
596 3839 660 3892 utile
678 3857 729 3891 noo
753 3855 811 3892 esse
836 3840 937 3909 possit,
954 3848 984 3891 ut
1066 3838 1090 3914 5.
1108 3843 1134 3896 7.
1154 3841 1192 3892 Ex
1212 3839 1362 3893 testimonio
1381 3837 1500 3892 Limueei
1518 3837 1621 3911 dejure
1632 3839 1701 3902 publ
1717 3840 1763 3893 lli.
1782 3840 1805 3891 l.
1825 3859 1849 3894 c.

164 3925 275 3978 stetibns
296 3923 348 3976 boc
366 3925 421 3991 jus,
447 3921 516 3992 quod
543 3923 610 3993 ipsis
635 3922 754 3975 debiturn
781 3939 838 3976 esse
866 3922 899 3975 ι6
924 3924 985 3993 ipsu
1032 3929 1058 3978 8.
1077 3943 1104 3978 n.
1129 3927 1190 3977 tto.
1209 3933 1271 3976 suut
1288 3923 1413 3992 quidem,
1431 3921 1475 3991 qui
1496 3922 1544 3975 boc
1564 3935 1671 3976 utuntur
1694 3937 1849 3991 argumento

163 4005 303 4062 Fritsebio
319 4015 448 4061 essentum
461 4015 499 4060 est
517 4009 594 4072 (cum
608 4006 711 4059 retione
722 4007 794 4059 enim
809 4005 985 4058 eosinsenire
1032 4009 1159 4064 dicendos
1176 4007 1239 4078 quie
1265 4007 1379 4059 stutibus
1404 4005 1558 4075 denegetnrn
1584 4017 1624 4058 est
1649 4007 1691 4074 jus
1716 4009 1848 4080 cisimtio¹

164 4089 247 4156 dicit,
265 4091 319 4162 qui
337 4091 371 4142 de
388 4109 418 4144 eo
436 4088 560 4142 dubitent
577 4106 635 4156 cop.
650 4089 674 4141 9.
689 4110 716 4143 ι.
735 4091 759 4140 l.
769 4089 871 4142 dissert.
884 4086 986 4158 defir-
1034 4111 1091 4146 eem
1109 4093 1144 4146 ob
1161 4107 1262 4144 ceusem
1284 4093 1368 4143 multu
1387 4089 1470 4159 megin
1489 4089 1635 4142 inhibitum
1656 4107 1713 4144 esse
1730 4095 1770 4159 jus
1790 4112 1851 4147 nsu-

164 4174 233 4244 tot.)
256 4173 442 4243 permittetur.
460 4171 607 4225 Germenie
627 4172 746 4242 exposite
763 4175 894 4226 seriorum
913 4172 986 4224 inse·
1034 4175 1142 4240 uiendi,
1160 4174 1331 4246 utpothuod
1351 4173 1443 4241 mejeri
1456 4170 1541 4224 edhuc
1555 4173 1717 4244 praejudicio
1736 4177 1850 4246 impera.

165 4257 287 4310 sionibus
308 4255 377 4307 bene
394 4271 459 4325 opus
478 4255 573 4318 hebet,
591 4266 618 4308 nt
638 4256 746 4326 plurimi
766 4256 799 4308 de
825 4257 881 4322 ejus
903 4257 987 4311 selute
1036 4263 1087 4314 tori
1105 4265 1147 4317 sit.
1159 4260 1377 4328 Respondebstor
1389 4259 1454 4310 olim
1467 4257 1500 4310 sd
1520 4257 1567 4309 boc
1578 4270 1771 4327 argumentum,
1784 4280 1852 4316 com-

165 4339 217 4392 sint
237 4337 360 4393 solliciti.
378 4337 520 4390 Universis
538 4338 604 4390 solet
621 4355 677 4391 esse
697 4339 778 4404 bene,
797 4339 902 4410 quando
927 4342 984 4394 sin·
1035 4345 1108 4397 mitti
1120 4345 1274 4414 petitionem
1293 4341 1432 4413 principii,
1452 4348 1479 4392 ct
1498 4339 1607 4393 dubium
1628 4359 1675 4412 per
1698 4361 1778 4414 aeque
1804 4346 1851 4400 du·

166 4423 235 4491 gulis
256 4425 330 4476 bene
347 4433 395 4476 est.
416 4423 472 4474 iloc
491 4424 532 4491 jus
545 4420 683 4475 muniendi
698 4421 730 4474 ed
743 4422 900 4492 dignitetem
915 4425 987 4493 prin·
1035 4427 1107 4482 bium
1122 4425 1238 4498 proberi.
1250 4427 1359 4480 Talibus
1370 4439 1429 4478 sero
1442 4440 1494 4476 non
1509 4424 1624 4494 emplius
1637 4425 1786 4493 indigemus
1796 4447 1853 4481 aen·

166 4507 255 4576 clpurn
276 4505 415 4576 pertinet,
433 4515 461 4560 et
479 4505 501 4558 si
520 4505 553 4558 ab
571 4506 639 4574 ipsis
657 4515 810 4569 excreetur,
837 4506 865 4558 io
891 4509 987 4562 utilite·
1036 4511 1161 4580 begitsos,
1179 4527 1238 4564 cons
1258 4509 1345 4561 nullus
1369 4507 1442 4559 locos
1469 4505 1635 4560 dubitetioni
1662 4509 1769 4563 relictus
1795 4513 1851 4578 sit,

165 4601 215 4645 tem
236 4587 342 4659 petriee
359 4588 445 4652 cedite
465 4605 518 4642 non
536 4587 708 4644 insidendum
723 4589 811 4659 iteqne
822 4590 891 4660 quod
908 4601 988 4647 stetos
1036 4606 1174 4668 postquem
1192 4605 1228 4648 tot
1245 4591 1346 4662 egregii
1358 4590 1410 4646 siri
1423 4593 1464 4657 jus
1484 4589 1585 4644 deodae
1602 4591 1720 4647 civitetis
1739 4595 1853 4649 etstibus

167 4675 195 4727 lo
215 4675 376 4728 societeteos
397 4671 560 4726 delensioois
578 4673 677 4744 patriae
694 4673 824 4739 edruissi,
852 4692 935 4746 neque
960 4677 987 4729 id
1034 4685 1087 4748 jeus
1106 4698 1159 4734 noo
1178 4682 1261 4734 solnm
1287 4679 1458 4741 emeruerint,
1478 4675 1531 4730 rid·
1549 4679 1642 4731 excell.
1669 4679 1713 4732 dn.
1739 4680 1853 4738 Thomn-

167 4759 333 4814 liertnsoiee
349 4759 408 4810 eine
424 4757 498 4810 osuni
517 4755 603 4810 iructu
621 4773 678 4810 esse
695 4755 772 4810 tutte
784 4757 926 4812 dicendum
939 4771 986 4814 est.
1036 4766 1103 4819 sium
1116 4761 1220 4836 dejure
1237 4762 1347 4818 dundee
1363 4759 1437 4814 civit.
1455 4769 1483 4812 et
1502 4759 1625 4816 Schwed.
1637 4763 1687 4835 jus
1695 4765 1766 4834 podt.
1778 4778 1851 4835 pore.

199 4839 271 4914 55.
292 4841 346 4895 Sed
365 4839 432 4893 setis
450 4853 474 4893 et
493 4837 549 4892 lere
567 4844 620 4908 jem
642 4843 756 4894 nimium
784 4845 914 4898 insertum
944 4847 987 4899 bie
1033 4849 1141 4918 rpeer'ul.
1153 4858 1216 4901 sect.
1235 4850 1261 4897 1.
1275 4865 1299 4900 c.
1311 4847 1355 4898 te.
1367 4863 1398 4898 n.
1410 4843 1435 4896 l.
1447 4843 1492 4896 sed
1511 4855 1537 4928 ιιι
1549 4847 1681 4916 exemplis
1701 4847 1735 4900 ite
1754 4846 1852 4903 conbe-

166 4936 203 4977 eet
221 4925 257 4980 de
277 4925 392 4977 utilitete
410 4924 619 4990 fortalitiorum,
636 4925 682 4996 qui
703 4927 787 4996 potius
808 4926 835 4979 id
853 4945 928 4996 egere
945 4929 987 4982 de·
1035 4933 1149 4994 suerint,
1166 4932 1261 5002 qulbus
1280 4929 1367 4983 indies
1380 4929 1576 4994 convincimur,
1596 4939 1624 4982 nt
1644 4929 1731 4985 denuo
1751 4932 1784 4985 de
1807 4937 1853 4988 illo

166 5005 230 5074 bui,
250 5017 284 5060 ut
301 5007 478 5071 ostenderem,
496 5011 592 5080 quibus
609 5013 650 5079 jus
674 5011 814 5064 extruendi
848 5024 988 5083 competet.
1035 5029 1174 5083 qneerere,
1192 5023 1259 5065 esset
1279 5011 1365 5065 medis
1384 5011 1413 5064 in
1433 5012 1491 5064 luce
1515 5011 1664 5074 conuenire,
1685 5023 1711 5066 et
1732 5013 1855 5070 dubitere

171 5091 249 5162 Quod
270 5091 337 5144 doru
355 5107 388 5144 ex
407 5103 494 5144 nature
520 5093 718 5162 superioritetis
746 5093 931 5158 territuriulis,
955 5113 987 5148 ex
1036 5099 1094 5150 sine
1112 5099 1213 5149 retiooe
1230 5095 1261 5146 de
1273 5097 1346 5163 jure,
1364 5095 1407 5146 cui
1424 5112 1501 5147 nemo
1513 5095 1692 5148 contredicerc
1703 5097 1785 5151 sudet.
1800 5099 1853 5152 lte·

169 5176 353 5230 instrumento
380 5173 477 5243 pecie,
515 5175 788 5247 exicepitstlstione,
821 5177 987 5248 principibus
1036 5180 1376 5251 oteitequeeigumentnns
1395 5179 1535 5232 insertitur
1554 5190 1646 5232 contra
1665 5182 1724 5234 illos
1752 5194 1853 5239 retere-

171 5258 339 5328 ³l¹llb⁰⁵q⁰⁶
367 5257 475 5327 impelli
494 5267 623 5312 ”wilm
652 5259 702 5323 ills
728 5275 834 5314 necesse
864 5259 929 5322 erit,
959 5275 987 5314 ut
1037 5281 1099 5318 oos:
1118 5261 1308 5317 etetosbebent
1324 5264 1381 5329 jure
1407 5263 1616 5334 ciuitatis,ergu
1634 5267 1714 5318 etiem
1734 5267 1774 5331 jus
1794 5287 1854 5322 ron·

171 5341 241 5404 illie,
259 5342 310 5410 qui
329 5341 377 5394 boc
396 5344 451 5408 jure
468 5354 603 5404 ercentnr,
630 5343 729 5413 eliquid
754 5343 787 5396 de
815 5346 920 5395 orturis
945 5363 988 5397 ses
1037 5347 1137 5400 oleodi.
1149 5347 1271 5416 Quodite
1281 5347 1441 5400 intellectum
1451 5345 1540 5412 eelim,
1550 5364 1601 5399 nou
1616 5349 1689 5418 qussi
1704 5351 1743 5416 jue
1756 5350 1857 5407 dundee

174 5423 477 5488 iecultstedetrecturn,
508 5435 534 5478 et
564 5425 640 5490 eliis,
669 5427 714 5496 qui
744 5429 800 5495 jure
833 5425 991 5496 probibendi
1035 5431 1150 5484 eisitetis
1169 5431 1271 5498 eliquid
1286 5427 1418 5482 coniceret
1435 5429 1467 5480 ed
1481 5430 1522 5498 jus
1535 5431 1656 5499 erigendi
1672 5435 1854 5500 munimento,

172 5509 303 5572 perideus,
328 5507 427 5578 eliquid
451 5509 601 5563 eccesserlt.
627 5511 701 5579 Ques
729 5509 834 5580 quidem
860 5510 891 5561 ed
920 5523 990 5564 certe
1038 5515 1084 5567 ille
1101 5513 1173 5564 enirn
1193 5513 1378 5582 consequentis
1397 5513 1543 5566 seeillerete
1562 5515 1605 5566 sed
1625 5518 1692 5584 qnod
1718 5518 1781 5571 beec
1798 5521 1854 5584 jore

170 5594 256 5664 copim
277 5600 306 5640 et
330 5605 426 5660 punem
452 5591 536 5660 redigi
562 5603 687 5664 possent,
720 5595 767 5646 sed
793 5604 908 5663 precstst
928 5593 991 5650 beec
1040 5597 1158 5652 bodieiu
1171 5596 1519 5669 une,eudemquepersone
1537 5603 1758 5670 concurrant,lta
1773 5605 1856 5676 utqui

257 5679 365 5746 orrpttt
382 5677 443 5732 Vol.
462 5679 538 5732 VIII.
1448 5681 1484 5736 tn
