4346 6194
167 287 235 358 etr
640 295 688 350 ns
706 282 835 351 oreris
854 281 1002 348 urucas
1023 267 1310 356 ossaquntiuos
1719 293 1772 350 aaa

100 407 170 454 mm.
194 395 353 458 'meulent'
373 395 395 450 ς,
415 375 446 449 Μ(
469 392 595 449 ,pulpum
615 391 639 442 ,t
653 393 754 446 effim-
772 388 871 444 ehpgsp
891 401 951 441 gn:
1003 395 1074 456 praet.
1086 384 1104 434 i.
1119 387 1144 434 1.
1156 397 1179 435 e.
1192 383 1216 436 d.
1231 384 1335 465 millii.
1356 383 1481 438 Sonelret.
1501 384 1534 440 de
1551 387 1670 444 moratu.
1689 389 1744 447 id.
1756 395 1824 472 stirp.

100 487 286 547 mittentur,
313 483 358 552 qui
394 489 493 533 ttntrttc
521 476 665 530 dtrorttom
693 480 801 545 propter
831 491 953 524 rosano-s
1004 461 1824 546 ert.1⁴.brudei-’m-⁰d1·³⁴·⁶i³·t¹·²·¹³¹summis

100 569 268 635 concessit,
287 573 312 623 el
332 570 354 622 il
375 567 413 620 sil
434 565 548 618 mislme
565 561 630 615 baec
650 572 699 613 ros
718 561 769 611 lat'e
782 555 894 625 intelligi
910 553 954 606 de·
1009 555 1049 608 dit
1069 552 1404 608 Baradendromia
1424 557 1449 610 Β.
1464 555 1500 627 ff.
1514 559 1594 612 tollat.
1615 563 1736 614 nsotrim.
1755 585 1782 619 n.
1802 565 1826 620 d.

101 654 189 720 beat,
214 659 308 706 tamen
330 670 382 705 nun
401 653 451 704 alia
471 658 557 720 potest
577 648 768 716 impedimenti
784 641 958 710 comprehen·
1005 639 1089 708 (quae
1108 640 1137 690 in
1155 637 1321 691 Gotboiredi
1344 641 1461 693 editione
1478 652 1518 694 est
1530 643 1548 694 i·
1562 646 1587 696 7.
1612 639 1636 713 §-
1651 649 1675 696 1.
1684 645 1727 714 ff
1745 647 1828 704 solut.

100 735 190 805 gest,
215 757 299 808 qum
320 735 385 807 qm
404 735 531 786 appetu...
548 731 733 800 grauissimum
748 726 958 794 insultantque
1008 723 1148 788 mettim.)
1166 723 1234 791 quod
1255 725 1331 775 sidau
1352 727 1468 792 nobilis,
1489 729 1548 782 licet
1566 729 1606 781 tel
1626 733 1743 784 maxime
1769 741 1830 804 post

104 822 179 878 μιῇ.
201 837 286 875 casua
306 821 430 875 fortuitus
450 817 544 870 reiarri
564 833 616 867 nort
637 818 742 885 potest.
1008 819 1119 860 mortem
1140 806 1231 857 mariti
1251 807 1283 858 de
1304 808 1380 860 bonis
1400 813 1456 873 etus
1483 815 1585 874 stator,
1607 822 1693 866 tamen
1713 835 1765 872 tion
1792 831 1830 875 te·

149 913 176 970 ς,
202 909 255 957 11.
276 905 341 958 Cum
362 906 450 974 itaque
471 901 669 956 mstriruonium
689 901 723 953 ob
748 899 882 952 deiectum
903 903 963 968 ope·
1010 901 1102 942 nrattrr
1121 889 1237 959 operari,
1256 899 1280 942 et
1300 889 1348 952 sic,
1368 893 1493 961 quicquid
1513 897 1600 964 operis
1620 901 1673 951 suis
1692 903 1827 976 acquirit,

106 1002 214 1046 ,amm
238 989 349 1040 dtasotai
369 1005 421 1038 nou
442 985 541 1056 possit,
561 987 606 1038 aed
628 988 664 1037 ita
686 994 773 1035 tamen
800 1002 813 1032 a
840 991 913 1052 parte
934 997 962 1030 u·
1012 973 1065 1025 sibi
1086 975 1222 1043 acquirere
1242 972 1356 1028 ridetur.
1375 975 1426 1027 Sed
1447 977 1513 1030 duae
1532 990 1590 1032 sunt
1610 981 1726 1038 dirersre
1753 1008 1830 1056 quse·

106 1075 194 1127 mg,
217 1070 327 1124 Mem
347 1081 465 1124 mmmm
485 1069 655 1135 ¹⁴¹l¹¹¹⁰fl¹¹¹⁰s
675 1080 779 1137 mom„
797 1064 867 1136 quod
883 1063 962 1114 mart.
1011 1056 1123 1121 stiones,
1140 1073 1204 1124 quas
1225 1055 1358 1122 Bastulus,
1379 1058 1422 1109 hic
1440 1058 1644 1136 contunditur)
1663 1087 1694 1119 an
1709 1087 1774 1122 uxor
1787 1090 1831 1124 no-

111 1165 143 1211 to
165 1157 318 1226 lanpunuut
338 1155 457 1207 nonnrdli
477 1153 670 1215 onusaleodi,
704 1147 826 1203 dubitare
852 1153 964 1217 posset,
1012 1139 1076 1192 bilis
1097 1140 1481 1210 teneaturoperariifllao,
1501 1146 1523 1198 si
1543 1149 1832 1210 telanaximenouob·

111 1260 151 1298 m
177 1243 298 1293 mmm,
317 1239 497 1292 „thofflpnm
516 1251 624 1287 „xm-„m
646 1251 747 1304 „gram
764 1272 773 1299 ‚
791 1251 857 1303 qaae
878 1227 962 1280 nullas
1013 1225 1104 1276 stricta
1123 1227 1159 1276 ait
1177 1226 1209 1278 ad
1229 1243 1340 1297 operas,
1359 1228 1538 1284 nihilomiuus
1563 1251 1624 1287 tero
1651 1240 1712 1291 tatis
1739 1244 1834 1298 marito

108 1342 223 1398 operas
244 1333 376 1395 praestare
395 1324 487 1393 possit,
508 1323 578 1374 aiere
598 1321 735 1376 teneatur?
754 1321 832 1373 Certe
852 1317 874 1368 ai
894 1313 956 1365 taan-
1014 1310 1186 1379 praestiterit,
1205 1313 1256 1363 sibt
1277 1313 1414 1380 acquiras?
1429 1315 1494 1366 hauc
1508 1323 1677 1384 posteriorem
1692 1323 1777 1379 adbuc
1790 1332 1833 1382 iu-

112 1413 284 1464 ggmgmum
306 1407 467 1460 „egentum
481 1405 568 1458 alandt
582 1403 727 1458 secuudum
744 1397 864 1456 Celerum
879 1413 957 1466 supra
1015 1399 1110 1445 uetans
1131 1394 1174 1446 tate
1192 1397 1320 1466 relinquo,
1339 1395 1401 1449 dum
1423 1401 1495 1467 prius
1513 1404 1698 1460 escutieudum
1718 1413 1779 1476 erit,
1798 1392 1833 1468 ari

110 1493 321 1548 „fntatumex
339 1492 429 1561 operis
449 1490 614 1560 praestandis
633 1489 771 1558 petendum
790 1481 954 1550 esset,deei-
1014 1473 1046 1527 sd
1065 1494 1158 1546 operas
1177 1479 1308 1533 adstricta
1328 1481 1383 1535 att.
1410 1483 1463 1534 nto
1489 1503 1548 1538 tero
1574 1501 1661 1542 contra
1686 1499 1834 1562 praedictos

115 1579 165 1634 ⁸30
188 1581 220 1630 pn
241 1591 362 1648 pmmpffl
381 1575 467 1642 pom,
487 1593 594 1628 „mm
625 1573 754 1642 ,jugmodt
780 1572 859 1642 plane
890 1569 962 1619 ateu·
1013 1571 1131 1615 auctores
1150 1565 1311 1615 eontrarium
1332 1576 1417 1620 tuetur
1441 1565 1584 1638 Tiraquell.
1603 1573 1636 1627 de
1656 1580 1791 1635 notatum.
1811 1605 1835 1643 c.

117 1665 189 1716 ,hm
213 1682 264 1717 no„
283 1681 349 1716 mg,
367 1662 468 1716 guph„
486 1659 520 1712 A,
536 1659 659 1714 atinum,
677 1661 696 1712 ι,
718 1661 741 1710 1.
760 1677 802 1726 qu.
817 1658 859 1708 33.
872 1653 961 1706 rarior
1016 1648 1060 1698 10.
1079 1663 1107 1700 rr.
1126 1647 1167 1699 st.
1189 1663 1220 1700 es
1239 1666 1268 1701 ea
1287 1651 1394 1716 ratione,
1413 1643 1482 1721 quod
1500 1655 1541 1726 (t)
1559 1659 1676 1714 conditio
1693 1668 1834 1726 creditori.

1014 1749 1066 1784 non
1086 1731 1178 1786 debeat
1196 1729 1258 1786 fieri
1278 1735 1395 1789 deterior
1415 1749 1524 1808 propter
1544 1743 1710 1800 nubilitatem
1730 1751 1833 1809 debito·

1015 1817 1062 1881 ris,
1081 1818 1120 1884 (2)
1141 1819 1299 1888 generaliter
1318 1820 1346 1871 iu
1366 1822 1421 1887 jure
1441 1837 1507 1876 uxot
1523 1823 1638 1894 obligata
1659 1831 1695 1882 sit
1722 1834 1755 1887 ad
1773 1857 1834 1906 opa-

1014 1917 1057 1952 ras
1074 1903 1265 1970 preestandas,
1283 1919 1332 1956 uec
1362 1903 1439 1958 ullibi
1466 1911 1613 1978 reperiatur
1634 1927 1743 1986 excepta
1769 1938 1834 1977 uxor

1017 1983 1125 2049 nobilis,
1144 1985 1189 2058 (3)
1208 1985 1247 2038 dd
1267 1991 1313 2039 cir.
1332 1987 1349 2042 i.
1370 1988 1413 2041 tt.
1432 1993 1595 2062 respondet,
1613 2000 1685 2064 quod
1713 2003 1834 2072 loquatur

1015 2068 1050 2119 de
1067 2069 1177 2135 liberte,
1196 2076 1238 2123 etti
1260 2073 1377 2142 dignitas
1396 2076 1528 2140 secessit,
1549 2094 1615 2142 quae
1633 2079 1705 2134 ittam
1728 2102 1834 2143 excusat

1015 2167 1049 2204 sc.
1067 2157 1198 2210 utilibus
1215 2159 1314 2226 operis,
1333 2165 1395 2228 quai
1413 2159 1505 2213 liberta
1525 2165 1698 2230 promiserat,
1718 2187 1779 2223 nam
1799 2173 1832 2230 de

119 1749 204 1802 circo
222 1749 288 1802 baur
305 1749 489 1818 quaestionem
509 1761 583 1798 casus
602 1743 802 1812 distinguendos
826 1758 886 1793 esse
900 1755 968 1790 cen·

119 1845 180 1899 set,
204 1852 263 1887 nana
282 1834 384 1904 quando
403 1831 445 1904 (1)
462 1849 527 1883 uxor
546 1847 598 1882 neu
617 1831 701 1882 utitur
718 1827 828 1898 quidem
862 1825 966 1890 integra

119 1919 290 1981 valetudine,
310 1914 353 1968 sed
374 1911 518 1966 infirmitas
539 1924 623 1965 tamen
638 1913 756 1966 eamdent
774 1929 827 1966 non
849 1910 968 1962 absolute

121 2001 247 2054 retrahit
263 2001 295 2052 ab
313 2000 438 2066 obsequio
458 1999 526 2063 tiri,
545 2003 572 2048 et
590 1997 679 2067 operis
704 1995 885 2057 domesticis,
907 2001 968 2044 tune

119 2081 251 2138 alendam
271 2101 326 2134 esse
346 2083 400 2138 tnlt
417 2103 430 2133 a
450 2081 524 2145 tiro,
553 2083 593 2131 etsi
624 2081 708 2132 adhuc
732 2080 819 2132 debita
849 2084 967 2147 praestet

123 2166 249 2219 s'ersitia.
269 2166 385 2235 Quodsi
406 2177 491 2217 autern
511 2162 554 2234 (2)
575 2161 721 2216 infirmitas
741 2153 804 2214 adeo
823 2163 908 2230 gratis
925 2158 964 2212 lo·

19 2289 20 2294 ,
123 2257 183 2310 ret,
199 2261 226 2300 ιιι
246 2264 311 2299 uxor
329 2249 411 2302 dotata
433 2267 484 2300 oon
504 2250 585 2318 possit
605 2251 701 2300 marito
721 2245 828 2308 seruire,
842 2253 866 2294 et
888 2260 957 2312 ope·

123 2349 176 2384 ras
196 2345 333 2400 praestare,
353 2343 412 2383 tuuc
433 2343 532 2384 tautum
553 2334 624 2384 illam
639 2332 758 2383 alendam
778 2329 842 2393 sult,
862 2336 965 2396 qnate-

19 2479 20 2484 ,
126 2431 183 2467 nus
205 2415 304 2467 tructus
322 2417 393 2468 dotis
412 2427 563 2486 suppetunt.
584 2416 696 2484 Quando
717 2415 809 2483 itaque
834 2410 874 2480 (3)
902 2409 961 2462 iru·

19 2495 20 2508 ¹
125 2509 191 2551 ctus
210 2499 278 2550 dotis
299 2517 349 2550 nou
371 2495 512 2551 sufiiciunt
530 2517 577 2569 pro
596 2497 731 2552 alimentis
750 2509 776 2549 et
802 2493 962 2564 impensis,

127 2607 215 2655 aeque
235 2588 339 2640 mulieri
360 2604 436 2654 quara
464 2602 519 2638 nro
548 2585 717 2644 necessariis¹
746 2581 840 2636 naulier
866 2589 953 2631 autem

1014 2237 1152 2304 promissis
1169 2244 1256 2308 operis
1275 2239 1458 2296 artificialibus
1477 2246 1706 2316 extraordinariis,
1720 2255 1753 2304 ad
1768 2277 1833 2325 quaa

1013 2321 1076 2374 allas
1096 2341 1147 2376 ooo
1165 2326 1341 2392 obligabatur,
1362 2327 1478 2398 loquitur
1498 2343 1590 2385 textus.
1609 2337 1705 2388 Verum
1721 2337 1765 2392 bio
1778 2337 1849 2398 uou'

1014 2403 1045 2456 de
1063 2409 1151 2476 operis
1172 2410 1408 2477 extraordinariis,
1428 2414 1473 2466 sed
1491 2435 1554 2485 quas
1580 2429 1673 2471 natura
1699 2429 1834 2492 societatis

1013 2490 1159 2557 conjugalis
1179 2496 1303 2561 postolat,
1323 2496 1399 2549 uobis
1420 2515 1506 2552 sermo
1525 2515 1580 2568 est;
1597 2499 1644 2574 (i)
1664 2519 1746 2574 urget,
1759 2516 1831 2582 quud

1014 2588 1079 2624 uxor
1097 2577 1197 2627 nobilis
1216 2594 1295 2647 reque
1314 2581 1418 2632 subdita
1437 2583 1473 2635 sit
1493 2588 1606 2652 marito,
1631 2605 1659 2640 ac
1682 2593 1831 2662 ignobilis,

126 2671 208 2722 diues
230 2673 280 2733 sit,
299 2679 323 2721 et
343 2669 437 2720 babeat
455 2669 504 2719 adiu
523 2685 623 2737 praeter
641 2665 727 2720 dotem
756 2667 848 2726 bona,
869 2671 953 2724 tunc,

125 2754 258 2823 quicquid
278 2753 439 2822 consumptis
460 2751 589 2804 fructibus
606 2751 696 2815 deest,
718 2759 792 2819 putat
806 2769 834 2802 n.
849 2749 892 2799 tt.
906 2765 966 2812 seo.

130 2839 169 2893 ab
189 2841 245 2907 ipsa
265 2855 344 2890 ttxttre
364 2835 538 2904 supplendum
558 2853 623 2889 esse.
643 2836 672 2887 Si
687 2844 757 2886 reete
777 2832 898 2886 santium
920 2833 963 2882 in-

1014 2661 1096 2711 etsie
1115 2667 1171 2713 nstin
1192 2665 1330 2734 utrobique
1349 2669 1438 2721 eadem
1457 2688 1531 2726 eausa
1558 2673 1647 2741 adsit,
1672 2697 1723 2732 non
1750 2696 1832 2750 potest

1015 2762 1065 2796 nou
1082 2757 1188 2816 quoque
1207 2749 1276 2801 idern
1296 2751 1399 2804 eiieetus
1417 2771 1444 2808 se
1457 2771 1586 2823 exserere,
1601 2767 1755 2829 praesertim
1769 2785 1829 2820 curn

1013 2829 1051 2897 (ii)
1070 2831 1193 2886 nobilitas
1213 2853 1263 2887 non
1283 2850 1389 2889 extruet
1407 2839 1439 2891 ab
1460 2840 1511 2904 bis,
1530 2862 1594 2911 quae
1614 2863 1679 2900 uxor
1691 2847 1778 2904 iacere
1796 2865 1833 2906 te·

133 2924 234 2988 redigo,
255 2921 357 2974 ridetur
375 2917 492 2972 officium
515 2922 602 2972 mariti
624 2921 695 2972 eirca
716 2915 834 2970 alendam
856 2935 967 2969 uxorem
1015 2927 1102 2981 uetur,
1121 2918 1189 2984 quud
1209 2920 1306 2973 deinde
1325 2925 1406 2975 variis
1424 2929 1555 2996 exemplis
1574 2930 1688 2986 illustrat
1705 2974 1711 2988 .
1731 2941 1830 2993 veruna

134 3027 167 3062 g,
189 3008 260 3058 tm
278 3007 378 3056 ,luottua
399 3002 577 3057 fundamentis
595 3003 745 3064 deduxisse,
765 2998 807 3071 (t)
825 3001 893 3070 qood
921 3001 965 3052 do·
1015 3009 1123 3070 utraque
1142 3005 1280 3065 sententia,
1300 3025 1358 3058 cum
1381 3027 1433 3060 uon
1454 3013 1517 3062 satis
1536 3013 1572 3064 sit
1591 3013 1710 3084 delinita,
1730 3023 1832 3090 aliquid

136 3105 189 3145 tero
211 3091 350 3159 acceperit,
369 3089 408 3158 (2)
425 3088 493 3156 quud
513 3104 604 3156 operas
624 3101 691 3138 assor
710 3089 838 3156 prseteat.
863 3083 966 3134 Neutra
1017 3088 1068 3138 reri
1088 3097 1111 3136 et
1133 3087 1190 3138 tatst
1211 3088 1306 3140 babere
1325 3091 1436 3155 ridetur,
1456 3095 1556 3148 seilicet
1575 3099 1832 3166 obliganturosoraa

138 3198 199 3232 raro
219 3181 284 3231 ratio
303 3176 453 3238 concludit,
472 3173 517 3227 sed
540 3174 634 3224 marito
654 3189 720 3224 ocus
739 3171 827 3222 alendi
856 3185 966 3222 uxorem
1016 3167 1157 3226 indefinite
1175 3173 1206 3224 ad
1226 3190 1317 3242 operas
1337 3178 1516 3244 praestandas,
1536 3179 1580 3230 sed
1593 3182 1662 3252 leges
1678 3203 1729 3238 oon
1743 3167 1831 3244 diter·

139 3265 292 3318 incumbere
310 3261 449 3322 existimo,
467 3260 487 3310 si
508 3257 547 3310 tel
567 3255 685 3307 maxime
704 3273 755 3306 nott
776 3255 807 3305 sit
829 3253 926 3305 dotata.
948 3255 966 3304 l.
1017 3257 1120 3309 aninam
1139 3257 1266 3310 ,tignum
1282 3270 1366 3312 cm„
1383 3279 1483 3331 opem,
1501 3263 1534 3315 gd
1553 3283 1617 3331 qu„
1628 3269 1833 3338 obligatum

140 3349 183 3400 tt.
202 3367 225 3399 c.
239 3347 271 3398 rie
285 3351 372 3414 negot.
384 3354 447 3413 gest.
468 3341 561 3409 Carpe.
581 3339 599 3391 i.
612 3339 636 3389 2.
646 3339 760 3409 jurispr.
777 3339 887 3390 consist.
902 3335 966 3406 des.
1017 3341 1137 3407 debeant,
1156 3343 1272 3411 adeoque
1290 3347 1338 3396 hoe
1357 3347 1467 3398 omuino
1492 3349 1660 3414 judicandum
1681 3373 1738 3408 esse
1758 3358 1833 3412 siala-

140 3433 203 3486 219.
222 3451 250 3481 n.
270 3431 313 3481 13.
333 3427 426 3479 litorii.
446 3425 500 3478 stoi.
527 3425 551 3476 3.
575 3442 647 3476 cous.
671 3422 733 3474 129.
761 3421 825 3476 iob.
846 3417 970 3491 Baptista
1018 3440 1059 3480 tua
1076 3445 1110 3479 ax
1129 3429 1282 3484 conditione
1301 3449 1471 3498 pet-sonarum
1490 3437 1831 3500 etregioniseonsuetudi·

139 3521 274 3572 Pontaous
293 3515 324 3567 de
345 3515 466 3566 elisaeus.
478 3529 501 3563 c.
515 3511 557 3562 ii.
581 3515 608 3561 n'.
627 3509 650 3561 li.
671 3511 709 3562 tel
729 3511 793 3560 alias
811 3527 908 3578 aegra,
939 3516 966 3558 ut
1018 3532 1058 3566 na,
1076 3514 1134 3566 No„
1156 3515 1328 3568 dubitandum
1348 3527 1404 3582 m,
1422 3519 1486 3587 quq„
1505 3516 1609 3589 opifici,
1624 3526 1750 3578 mum&
1764 3543 1831 3582 um

140 3618 231 3670 operas
251 3607 383 3667 praestare
403 3607 452 3647 riou
475 3595 563 3664 possit.
584 3595 716 3647 Pontinus
736 3595 816 3663 alleg.
831 3595 882 3648 loc.
897 3613 924 3648 rt·
940 3603 968 3654 d·
1016 3599 1145 3662 gratiores
1164 3600 1266 3652 labores
1286 3603 1418 3670 suscipere
1437 3601 1530 3655 debeat
1550 3623 1598 3674 pro
1612 3607 1764 3663 conditione
1778 3629 1834 3682 per·

141 3686 201 3751 quia
217 3682 342 3750 obtigatio
362 3681 450 3731 alendi
472 3679 567 3730 marito
585 3695 635 3747 qua
657 3679 700 3729 tali
723 3679 880 3744 incumbit,
908 3685 969 3750 quia
1016 3700 1094 3734 sonae
1112 3700 1181 3744 suae,
1199 3700 1261 3752 quas
1281 3703 1332 3736 uon
1355 3685 1485 3753 suscipere
1503 3699 1604 3740 tenetur
1623 3707 1688 3744 uxor
1709 3697 1831 3761 notitias

143 3778 215 3834 caput
237 3763 352 3817 iarntliae
372 3776 418 3825 eat,
437 3771 463 3814 et
483 3763 519 3812 sie
536 3779 638 3830 quoque
656 3779 734 3812 onera
756 3761 873 3816 ianailiae
896 3764 968 3818 ferre
1014 3769 1074 3820 licet
1092 3768 1135 3817 itta
1153 3767 1185 3817 ad
1204 3786 1298 3834 operas
1317 3771 1497 3822 contenieutes
1523 3774 1648 3828 adstricta
1675 3779 1732 3833 sit.
1761 3783 1834 3834 trina

143 3848 228 3900 debet.
247 3847 323 3898 Unde.
343 3843 441 3898 irustte
462 3861 564 3913 qnoque
585 3847 725 3896 necessitas
744 3847 834 3899 alendi
851 3851 952 3900 restrin
1015 3869 1067 3905 nou
1094 3851 1195 3906 «licitur
1219 3855 1307 3904 mariti
1328 3853 1446 3908 couditio
1466 3852 1525 3908 lieri
1555 3857 1695 3924 deterior,
1722 3864 1744 3914 ai
1771 3881 1836 3918 uana

142 3937 215 4003 gitur
234 3931 265 3983 ad
284 3929 355 3982 dotis
374 3941 525 3998 protentus,
544 3939 586 3979 aut
607 3947 710 3994 operas,
729 3931 809 3992 utieo,
830 3941 858 3984 ut
880 3932 899 3984 s‘i
921 3936 967 3985 ati.
1013 3938 1109 3989 nomi,
1128 3939 1189 3990 „ng
1208 3939 1314 3992 ,mim
1333 3956 1385 3992 nu„
1405 3950 1540 4008 mmm,
1560 3941 1587 3992 ig
1607 3943 1679 4010 quod
1699 3957 1723 3998 θ,
1740 3949 1834 4002 mrim

146 4026 233 4070 metita
253 4014 428 4084 denegaverit,
449 4015 531 4067 ‹totem
546 4023 571 4066 et
586 4013 687 4065 lucrum
704 4016 872 4067 statutariam
888 4019 962 4069 amit·

145 4111 190 4150 tat.
209 4097 302 4168 Carpe.
320 4118 344 4162 p.
366 4099 391 4147 3.
410 4115 432 4148 e.
453 4096 497 4147 26.
514 4093 568 4166 desi
594 4095 618 4146 5.
646 4095 776 4166 Seiroepli.
803 4097 831 4150 ira
858 4101 968 4168 synopsi

139 4188 211 4260 juris
228 4185 337 4253 privati
352 4183 392 4232 tit.
414 4181 445 4232 rie
464 4180 507 4231 rit.
526 4191 599 4250 nupt.
619 4200 646 4232 tt.
665 4179 709 4232 61.
728 4179 804 4233 ΛΙιιιιΙ
821 4180 906 4234 lorsau
922 4187 958 4234 di-

147 4271 257 4324 cendum
277 4271 310 4321 de
329 4267 377 4318 hac
394 4269 547 4334 quaestione
555 4301 563 4327 ,
583 4283 613 4313 an
635 4263 745 4316 maritus
772 4277 905 4319 teneretur
924 4271 961 4340 pi·

148 4375 218 4426 gram
239 4369 346 4406 araurem
366 4351 447 4412 alere,
463 4366 527 4417 quae
547 4349 618 4398 nullo
639 4349 714 4400 ruodo
734 4348 764 4400 ad
783 4354 964 4418 operasaddu·

148 4447 169 4494 ct
191 4449 288 4510 putest3
309 4455 368 4490 narra
389 4434 466 4486 sicani
486 4449 518 4484 ex
538 4446 666 4502 potestate
681 4431 792 4485 maritali
807 4441 901 4490 marito
914 4442 961 4491 ali·

147 4525 215 4593 quod
236 4525 276 4589 jos
295 4519 402 4588 cogendi
424 4517 451 4566 in
472 4532 580 4570 osorem
598 4523 732 4588 corripuit,
747 4521 778 4573 its
791 4541 841 4574 unu
855 4521 962 4578 dubium

150 4621 197 4670 aar,
215 4625 278 4676 quan
299 4621 401 4674 qnoque
419 4619 525 4654 osorem
547 4603 647 4672 pigram
668 4603 845 4658 subtractione
858 4609 964 4663 alimen·

150 4701 233 4748 turum
253 4704 381 4749 coercere,
401 4699 426 4740 et
447 4689 482 4740 ita
503 4687 533 4740 ad
552 4707 644 4758 operas
663 4691 817 4760 compellere
836 4696 922 4759 possit.

186 4787 207 4842 g.
228 4775 271 4826 ts.
292 4775 428 4842 l‘eripecta
461 4775 614 4827 necessitate
641 4792 779 4842 operarum
804 4778 966 4844 praestanda·

152 4881 219 4926 rtsttt,
240 4878 307 4911 nunc
326 4860 437 4910 ulterius
455 4855 655 4926 disquirendum
675 4869 730 4923 est,
750 4877 782 4911 an
804 4851 895 4913 ornnes
913 4867 966 4932 euj-

1013 4019 1133 4072 dedeeoti
1155 4017 1237 4082 iuret,
1256 4035 1281 4072 et
1299 4023 1403 4090 quando
1421 4025 1497 4076 nubit
1514 4025 1613 4077 nobilis
1634 4031 1731 4096 puelia,
1745 4049 1833 4084 secun·

1012 4106 1073 4155 alona
1094 4105 1309 4158 cousuetudinem
1337 4107 1455 4172 regionis
1482 4125 1510 4162 se
1535 4109 1667 4176 obligasse
1692 4127 1833 4170 censetur.

1012 4187 1029 4238 l.
1042 4189 1086 4238 31.
1106 4193 1128 4248 ς.
1147 4184 1225 4253 ΜΓ.
1241 4187 1460 4243 recreamur.
1479 4203 1505 4243 et
1523 4196 1611 4246 otonis
1631 4197 1778 4263 promissio
1790 4202 1830 4250 iu·

1014 4271 1140 4338 telligitur
1158 4269 1298 4322 secuudum
1318 4275 1472 4340 qualitatem
1494 4293 1645 4344 personae,
1673 4291 1753 4350 atque
1770 4285 1833 4336 adeo

1012 4375 1064 4410 non
1084 4366 1173 4424 potest
1189 4361 1315 4424 conqueri
1337 4361 1394 4423 sir,
1413 4361 1438 4412 si
1458 4377 1525 4414 uxor
1543 4382 1595 4418 nou
1615 4379 1733 4434 praestat
1752 4387 1792 4434 ea,
1805 4373 1837 4422 ad

1010 4458 1077 4509 quae
1096 4458 1156 4574 noe⁴
1167 4451 1207 4493 est
1225 4440 1350 4510 obligata.
1371 4443 1478 4497 Surdus
1498 4447 1531 4500 tie
1550 4447 1674 4504 elisseae.
1693 4455 1735 4504 tit.
1750 4453 1775 4504 d.
1790 4473 1834 4524 gar.

1013 4525 1057 4576 29.
1075 4543 1102 4576 rt.
1125 4527 1138 4574 1
1161 4559 1167 4574 .

1046 4605 1070 4681 5.
1091 4611 1133 4660 ts.
1159 4609 1310 4662 Extenduot
1331 4627 1390 4662 reto
1409 4609 1534 4664 doctores
1554 4613 1619 4665 bauo
1642 4615 1832 4684 obligationem

1012 4691 1043 4744 ad
1064 4695 1231 4762 praestandas
1247 4711 1343 4760 operas
1359 4695 1438 4746 etiam
1452 4705 1510 4763 post
1536 4708 1664 4762 morteto,
1691 4700 1776 4764 adeo,
1806 4715 1835 4756 ot

1011 4777 1090 4830 etiam
1111 4778 1187 4828 sidua
1206 4777 1318 4828 durante
1337 4777 1497 4830 retentionis
1515 4779 1586 4844 iure,
1607 4781 1635 4832 iu
1664 4786 1831 4838 oomroudum

1013 4861 1153 4914 haeredum
1173 4861 1290 4912 laborare
1308 4859 1408 4924 debeat,
1427 4873 1491 4930 puto
1510 4860 1554 4914 iila
1570 4864 1673 4930 elucere,
1688 4884 1759 4930 uere,
1774 4885 1832 4922 sus·

153 4963 233 5014 usque
258 4943 423 4996 conditionis
448 4959 540 4994 uxores
564 4961 657 5012 operas
684 4957 811 5013 praestare
836 4938 963 5013 debeant,
1013 4965 1053 5009 re,
1074 4959 1169 5008 terere,
1190 4945 1260 4996 Paul.
1279 4944 1312 4994 de
1330 4941 1421 4996 Castro
1440 4944 1626 4999 iuddt'vortio
1636 4943 1830 5012 ffisol.motr.

155 5029 322 5106 „meatim
343 5029 365 5078 si
386 5023 964 5084 uxorineritnobilisiltlultinobilemuro-
1014 5051 1040 5084 rt.
1061 5031 1103 5080 10.
1122 5030 1207 5083 Coler.
1226 5031 1502 5092 depresses-execat.
1520 5047 1546 5090 ρ.
1571 5033 1594 5081 i.
1614 5048 1638 5082 e.
1662 5029 1686 5080 1.
1713 5050 1736 5084 c.
1769 5035 1831 5086 llida

155 5134 208 5167 rem
227 5113 259 5165 ab
277 5109 437 5180 obligatione
454 5129 589 5180 operarum
618 5113 752 5186 liberant,
774 5117 838 5167 moti
864 5117 965 5172 ratione
1014 5109 1482 5190 capessuri-destitui·
1502 5110 1569 5164 Nm
1591 5114 1629 5164 'ii
1648 5117 1829 5183 Ceftmtiut.

156 5201 215 5260 illa,
234 5195 300 5264 quud
321 5211 355 5245 se.
376 5197 469 5248 marito
490 5197 538 5248 hoc
557 5199 642 5266 ipsum
662 5191 784 5250 dedecori
805 5199 930 5262 rideatur,
943 5205 965 5253 ai
1014 5219 1070 5254 nou
1084 5198 1262 5252 redarmatur
1274 5197 1302 5248 in
1316 5197 1396 5247 domo
1406 5193 1572 5250 moritistura
1585 5199 1674 5250 otiose
1688 5213 1830 5270 tamquam

155 5297 244 5354 operas
263 5279 294 5330 ab
314 5295 395 5331 uxore
412 5281 517 5348 erigere
535 5281 614 5346 reiit3
632 5299 683 5350 quo
702 5293 728 5333 et
755 5280 839 5335 iacere
866 5285 967 5339 ridetur
1013 5296 1131 5342 truncus.
1145 5293 1193 5334 ⁰1⁴²
1212 5295 1306 5342 corpus
1331 5289 1480 5346 mertuum,
1498 5279 1546 5332 sed
1563 5281 1770 5350 assuefecimus
1790 5299 1832 5340 aar

156 5370 172 5422 l.
187 5367 320 5420 interdum
334 5365 375 5416 31.
390 5363 417 5415 itt
425 5363 480 5433 fin.
493 5363 523 5419 de
536 5383 611 5432 oper.
623 5366 667 5418 lid.
690 5367 734 5418 ubi
754 5369 828 5420 tutas
847 5371 902 5421 its:
920 5375 968 5424 sed
1013 5371 1050 5423 od
1067 5365 1190 5438 lanificio
1207 5364 1410 5432 etsusttmsprv
1429 5363 1682 5436 &Psslfflifflii's
1701 5387 1771 5438 tm
1798 5383 1832 5423 Μ

155 5455 179 5507 si
190 5449 302 5515 liberto,
317 5469 388 5522 quoe
401 5467 496 5516 operes
508 5455 643 5519 promisit,
666 5451 702 5504 ud
725 5471 785 5506 eom
811 5453 965 5526 dignitatem
1010 5453 1153 5519 statianum
1172 5445 1304 5502 indecem!
1321 5448 1476 5512 ittoeffl'i‘ms
1496 5450 1605 5517 “iiam
1622 5449 1698 5501 ”¹⁸¹5ss-
1714 5452 1772 5503 ³⁰⁰
1786 5469 1829 5504 *θ’

155 5542 305 5608 perveniet,
319 5547 348 5589 ut
360 5535 556 5590 inconveniens
566 5539 599 5590 sit
611 5549 751 5602 praestare
772 5551 889 5610 petrono
904 5560 962 5608 ope·
1013 5557 1042 5591 ro
1061 5535 1189 5589 deducunt
1210 5532 1314 5594 exinde,
1332 5531 1400 5602 quod
1414 5535 1523 5584 duritiis
1536 5537 1592 5598 lust
1606 5531 1763 5585 Νιθιιῑὶῠῦῑῦ
1775 5535 1830 5592 *iis

157 5643 209 5682 m,
222 5623 349 5694 ,popm
362 5623 414 5674 toa
427 5621 596 5676 intercidam.
619 5623 647 5675 Et
670 5625 734 5676 hauc
753 5611 910 5679 senteutiam
928 5637 964 5680 tu·
1016 5629 1102 5674 meets
1122 5615 1263 5669 necessaria
1282 5632 1313 5667 es
1333 5614 1409 5667 bouis
1429 5616 1530 5685 capiat,
1551 5611 1644 5685 Carpe.
1670 5616 1713 5668 eit.
1738 5615 1757 5666 1.
1777 5613 1833 5685 def.

157 5699 232 5762 autur
253 5710 372 5761 Pataorm.
390 5697 424 5761 in
441 5708 474 5761 ei.
497 5695 588 5764 trieres
612 5709 647 5765 de'
664 5723 725 5766 rest.
742 5711 819 5782 'epol
839 5695 912 5764 Cosso
932 5712 963 5769 de
1016 5708 1059 5762 ii·
1077 5716 1102 5759 ti
1121 5704 1178 5756 Μαι
1196 5717 1242 5773 t>er
1262 5697 1289 5752 id
1308 5712 1420 5771 lemtffl’t
1439 5699 1825 5770 (110111111191ιὌΙΙΗΜΠῙῙΙΝδ
