4346 6194
383 269 455 324 1103
953 265 1162 323 tttsseutt‘t.
1181 263 1297 320 ctettr
1315 265 1372 320 XV.
1894 271 1964 324 1101

328 373 378 419 tor.
397 367 450 419 Sed
472 371 607 434 postquem
628 363 708 416 send
727 361 811 416 forms
824 361 929 431 negotio
943 381 956 414 e
972 364 1074 432 legibus
1088 364 1146 416 deta
1194 363 1353 424 ordinatum,
1373 368 1412 426 ut,
1431 361 1454 413 si
1471 362 1535 432 qnis
1552 379 1585 416 ex
1604 361 1729 417 medistis
1748 363 1855 437 imperii
1870 368 1975 420 cieibss
1988 369 2018 420 in

329 462 382 510 est,
404 449 465 500 brec
488 452 539 514 ism
559 445 759 510 substantialis,
787 461 839 496 non
858 446 975 514 amplius
997 445 1145 500 occidente·
1194 465 1296 501 remees
1315 446 1513 512 condemnetur,
1534 465 1581 519 per
1607 453 1784 518 megistretum
1812 465 1888 502 soum
1912 451 2019 504 ordine-

329 533 365 585 lis
383 533 513 596 dicende,
531 530 595 584 sdeo
614 539 658 592 ut,
687 529 769 581 iortne
796 529 882 596 legum
915 529 1074 580 edsrnttssim
1094 545 1147 580 non
1196 534 1266 582 rium
1284 532 1454 600 compelletur
1471 532 1503 583 sd
1523 533 1668 600 peccudum
1682 535 1840 595 sententiam
1855 536 1945 588 eodem
1957 553 2019 602 quo·

330 623 447 678 sersats,
466 624 681 672 corrustomne‚
700 610 1047 680 qtticquidsldergestum.
1077 613 1095 664 t.
1121 612 1147 662 5.
1196 633 1247 683 que
1262 617 1431 680 ordinatum,
1450 628 1479 668 ut
1497 618 1519 668 si
1537 617 1634 687 aliquis
1653 635 1685 671 ex
1705 619 1870 672 immediatis
1891 635 2017 688 exequen-

332 713 356 750 e.
374 695 407 750 de
430 699 459 750 tt.
485 697 518 748 Et
538 697 600 750 hinc
619 697 728 750 nulliter
746 696 858 748 omnino
877 695 977 748 decidit
996 704 1106 758 suctor,
1127 713 1149 747 s.
1198 701 1248 752 dus
1266 703 1310 765 sit,
1329 701 1379 752 boe
1396 697 1443 754 fiet
1460 716 1507 769 pet·
1525 701 1671 754 directores
1689 701 2018 770 circulorumsicutergo

331 795 398 832 caes.
417 781 542 847 majestati
561 781 630 832 nihil
650 781 841 849 praescriptum
858 794 925 843 esse,
942 781 1073 848 quomodo
1090 797 1149 833 exe·
1198 783 1339 852 imperator
1353 785 1433 835 elium
1447 795 1605 836 executorem
1618 786 1779 838 constituere
1790 786 1884 854 nequit
1900 786 1929 836 iu
1941 803 2018 854 prae·

332 863 434 915 cutioni
453 862 599 914 mandenda
618 863 651 915 sit
679 863 830 926 sententis,
848 877 907 914 cnm
928 872 1017 934 tempo
1036 873 1075 916 tot
1094 866 1146 914 im·
1198 867 1325 933 judicium
1346 866 1876 936 megistratusordinerii;itsnecidem
1895 869 2018 921 resisten-

333 945 402 1013 perii
421 945 795 1012 tegibusetconreutiouibus
821 945 854 998 sd
880 955 981 998 certum
1001 945 1148 1014 exequendi
1199 951 1271 1002 tibus
1290 952 1385 1003 iisdem
1405 953 1507 1020 legibus
1525 951 1608 1005 lucere
1626 951 2017 1022 potestinprsejudiciumdid

332 1023 455 1078 ordinem
469 1026 700 1094 edstringetur,et
717 1029 865 1093 juramento
878 1032 906 1078 in
924 1029 1112 1104 capitulatione
1124 1046 1152 1082 te
1200 1044 1328 1087 rectorum
1349 1036 1389 1086 cel
1407 1034 1504 1086 duc-nm
1523 1037 1701 1090 circularium.
1720 1035 1775 1090 Nec
1792 1035 1950 1106 suffragator
1964 1039 2017 1108 ipsi

333 1109 500 1178 obligaverit,
516 1111 548 1164 ad
561 1111 607 1163 bes
618 1112 688 1180 leges
699 1149 707 1176 ,
720 1123 747 1164 et
766 1113 793 1164 in
807 1113 897 1180 specie
909 1112 942 1165 sd
954 1112 1149 1165 ordinationem
1200 1119 1271 1169 locus
1288 1135 1321 1172 ex
1339 1134 1433 1172 recere.
1450 1118 1516 1185 imp.
1534 1119 1568 1172 de
1585 1134 1663 1170 ortuo
1683 1120 1762 1172 ¹³⁰7.
1779 1121 1821 1172 tit.
1840 1140 1924 1176 menn
1933 1141 2017 1192 gegen

331 1195 494 1249 executionis
510 1196 671 1250 serrandum.
685 1213 746 1264 cop.
770 1197 835 1264 leep.
857 1207 910 1252 ort.
923 1195 949 1248 2.
960 1197 1006 1250 t'bi.
1023 1199 1062 1250 Er
1073 1197 1151 1252 nette
1201 1203 1372 1272 mnectttigen.
1392 1205 1436 1256 1⁸1.
1454 1204 1477 1267 §.
1496 1208 1524 1256 1.
1541 1202 1617 1254 Nihil
1642 1204 1763 1256 enimin
1782 1205 1829 1256 illo
1853 1207 1910 1258 loen
1934 1207 2018 1259 deter-

329 1277 406 1332 sticltt
416 1289 554 1347 gestotten,
565 1281 631 1334 dass
642 1279 728 1336 wider
738 1281 782 1334 die
794 1284 1100 1352 executione-ordnung
1111 1285 1150 1336 di·
1202 1287 1330 1338 miostum
1351 1285 1401 1338 tuit
1417 1287 1487 1340 circe
1499 1287 1603 1340 modum
1617 1288 1772 1359 exequettdi,
1791 1289 1838 1342 sed
1852 1292 1901 1343 boc
1911 1290 2016 1345 demum

333 1373 405 1416 recte
419 1363 486 1418 odet·
497 1365 627 1420 indirecte
639 1369 784 1435 geltruden
797 1369 899 1431 werde,
917 1369 987 1436 qood
1010 1369 1098 1438 primo
1122 1388 1151 1422 o·
1201 1386 1247 1438 per
1261 1373 1418 1440 posteriores
1432 1373 1500 1440 leges
1515 1369 1626 1436 luctum,
1637 1391 1705 1442 quae
1717 1375 1775 1430 sine
1788 1376 1871 1429 dubio
1890 1375 2018 1446 pristinae

333 1448 437 1499 mnium
455 1453 607 1517 juramento
622 1449 788 1504 confirmerit
800 1452 1002 1520 ingestissimus
1014 1454 1156 1522 imperetur
1202 1455 1324 1509 licentius
1337 1457 1442 1508 modum
1456 1467 1607 1526 posueruut.

333 1531 486 1602 Leopoldus.
499 1533 590 1603 ltaque
608 1551 659 1586 nou
673 1535 830 1598 ridendum,
844 1535 902 1603 qttis
918 1536 1151 1605 modusexcquen·
1465 1573 1486 1626 c
1505 1573 1526 1625 Α
1546 1573 1567 1627 P
1586 1573 1650 1626 UT
1686 1575 1750 1628 m

334 1614 362 1664 di
381 1617 486 1682 uptinr;
505 1616 564 1684 quis
582 1616 674 1670 iictori
693 1617 798 1684 gratior,
818 1617 862 1668 sed
880 1619 940 1684 quis
961 1617 1071 1686 imperii
1090 1620 1153 1686 legi·
1751 1610 1758 1624 '

332 1698 381 1750 bus
399 1709 425 1751 et
442 1701 541 1767 jurstse
554 1699 735 1768 capitulationi
749 1699 957 1750 convenientior.
970 1701 1025 1750 lloc
1037 1717 1099 1768 ergo
1112 1699 1152 1750 in·
1236 1699 1436 1766 Imperatorem
1454 1696 1533 1750 etium
1553 1695 1605 1748 tihi
1618 1695 1671 1762 ipsi
1692 1707 1723 1748 ut
1738 1696 1858 1764 principi
1874 1696 1979 1766 imperii

335 1785 402 1836 tuitu
423 1783 532 1854 peritttle
552 1800 605 1836 non
627 1796 684 1848 est,
702 1783 832 1852 quomodo
850 1784 967 1836 executio
995 1779 1061 1837 stet:
1092 1803 1152 1837 num
1345 1777 1869 1850 exequendipurtescornmirtereporse.

333 1867 370 1918 its
387 1869 429 1935 jus
447 1885 523 1920 suum
542 1869 635 1937 cniqne
655 1867 845 1930 tribuendum,
863 1885 898 1920 ne
916 1868 1021 1920 ulterius
1046 1870 1151 1935 justiori
1203 1891 1242 1992 R

333 1967 425 2003 causse
442 1950 482 2003 rel
499 1951 554 2018 juri
572 1951 690 2020 quaesito
709 1951 906 2020 praejudicetur.
920 1951 941 2002 l.
954 1949 1047 2018 ³¹·ff·
1060 1953 1151 2018 depos.
1247 1959 1332 2001 emotrt
1357 1946 1475 2014 superins
1500 1956 1629 2015 potestate
1652 1954 1815 1998 executorem
1839 1943 2016 1998 extraordina-

334 2031 417 2086 Porro
428 2033 461 2084 sd
473 2044 666 2103 ergumentum,
678 2037 748 2105 quod
763 2051 798 2087 ex
810 2052 903 2088 recres.
917 2038 985 2102 imp.
1013 2037 1117 2088 noviss,
1132 2044 1153 2098 §.
1202 2034 1280 2095 tium,
1300 2033 1451 2101 praeteritis
1469 2030 1628 2082 circulorum
1648 2029 1836 2091 directoribus,
1854 2029 2016 2080 constituen-

333 2116 393 2170 ttnd
408 2118 495 2188 gtetetr
508 2120 557 2173 wie
579 2119 640 2170 180.
659 2119 711 2172 sibi
731 2119 828 2188 opponi
848 2136 925 2188 posse
943 2119 1035 2182 ridet,
1054 2121 1083 2170 iu
1102 2139 1153 2188 qno
1201 2119 1238 2182 di,
1257 2119 1358 2170 corruit
1376 2117 1455 2166 simul
1471 2115 1557 2167 tbems
1575 2115 1607 2164 sb
1624 2119 1728 2164 auctore
1748 2113 1926 2180 propositum,
1945 2126 2018 2179 posse

334 2203 403 2252 clere
421 2201 600 2271 dispositum,
619 2201 688 2272 quod
708 2219 785 2256 nemo
802 2201 965 2256 ordinetioni
991 2205 1152 2258 executionis
1202 2203 1386 2272 imperatorem
1409 2199 1462 2249 sibi
1482 2199 1535 2265 ipsi
1548 2197 1712 2248 committere
1725 2195 1916 2256 executionem
1929 2211 2017 2262 quam·

334 2287 477 2352 resistere,
493 2297 539 2341 stat
558 2286 597 2340 illi
620 2304 649 2340 se
665 2287 782 2340 eximere
801 2287 912 2352 debeat,
931 2289 997 2342 elios
1016 2307 1151 2356 processus
1200 2286 1241 2340 ris
1258 2283 1331 2336 eoitn
1348 2284 1464 2336 insolens
1478 2299 1530 2332 nou
1544 2280 1671 2344 euleutur,
1685 2279 1836 2332 mendutum
1851 2281 1878 2330 in
1891 2296 1918 2329 se
1931 2279 2017 2346 ipsum

334 2365 364 2419 iu
381 2367 481 2435 judicio
494 2370 578 2424 aulico
592 2367 772 2440 impetrendog
788 2371 930 2440 respondet
942 2383 1036 2424 unctor:
1049 2373 1088 2424 ibi
1103 2373 1151 2424 im.
1200 2368 1327 2434 dirigere,
1344 2365 1413 2436 quod
1432 2364 1562 2436 superiori
1582 2365 1666 2417 seculo
1684 2384 1697 2416 s
1718 2380 1820 2415 cemera
1839 2362 1881 2413 his
1900 2361 2018 2414 lormsli-

332 2453 489 2520 perutotirns
510 2456 672 2519 mejeststem
695 2453 727 2508 ad
752 2471 848 2506 norum
876 2455 981 2509 modum
1004 2457 1151 2525 exequendi
1203 2454 1251 2506 bus
1273 2452 1366 2504 iactum
1385 2467 1442 2502 esse
1461 2451 1539 2515 uulgo
1560 2446 1684 2500 tolerunt:
1710 2448 1768 2502 Wir
1784 2447 1851 2502 Cori
1867 2447 1915 2497 der
1939 2447 1970 2498 V.
1982 2462 2020 2499 er-

331 2552 386 2588 non
405 2537 543 2605 adstringi.
561 2539 661 2592 'ilerum
679 2540 738 2606 quis
757 2539 806 2590 boo
824 2553 858 2590 ex
876 2539 947 2590 dicto
978 2553 1079 2591 recessu
1102 2540 1152 2591 eli·
1201 2537 1310 2590 mediter
1326 2533 1489 2588 Ildniiretter
1507 2533 1644 2600 Knerrer,
1661 2531 1754 2584 citircn
1774 2530 1835 2582 dieb
1859 2527 1921 2582 cort
1936 2533 2018 2584 Erre·

334 2619 662 2685 cererotniticertc,ibi
677 2621 822 2690 imperator
847 2636 900 2674 non
924 2621 956 2674 sd
978 2639 1073 2674 notum
1097 2639 1152 2677 mo·
1201 2625 1322 2688 Herteog
1339 2637 1392 2672 ron
1415 2616 1581 2672 Oesterreiclt
1599 2626 1650 2668 etc.
1672 2617 1907 2671 Attameoccrtum
1922 2627 2017 2679 manet,

333 2701 406 2770 dum,
421 2703 466 2756 scd
483 2713 510 2756 nt
523 2706 637 2776 priorem
664 2703 694 2756 itt
718 2703 883 2756 ordinatione
896 2704 1062 2758 executionis
1079 2721 1152 2774 pree»
1201 2706 1224 2759 ai
1244 2709 1274 2758 in
1290 2705 1473 2758 committente
1497 2703 1565 2770 juris
1584 2702 1719 2769 cujusdem
1744 2701 1898 2754 exercitium
1925 2703 2018 2756 restri-

331 2786 461 2854 scriptum
473 2789 602 2854 observet,
620 2787 803 2856 sdstringitur.
825 2785 879 2840 Nec
897 2787 951 2840 diei
970 2788 1076 2856 poteritt
1096 2807 1152 2843 uon
1200 2801 1269 2843 ctum
1288 2789 1332 2851 sit,
1352 2806 1405 2842 non
1424 2804 1499 2856 posse
1517 2786 1565 2838 boc
1584 2803 1629 2854 per
1648 2785 1858 2839 commissarium
1871 2784 1950 2838 aliter
1976 2805 2020 2840 e»

333 2867 498 2937 imperaturi,
517 2871 561 2922 sed
580 2871 719 2924 ordinibus
738 2869 776 2924 ibi
796 2873 935 2940 qoieqnsm
954 2871 1101 2940 injunctum
1115 2891 1152 2926 es·
1201 2873 1298 2940 pediri.
1319 2871 1370 2926 Sed
1389 2873 1463 2925 tideo
1481 2873 1561 2924 elium
1578 2871 1748 2939 imperatoris
1767 2879 1913 2940 respectum
1929 2871 2018 2923 induci

335 2966 373 3002 sc:
393 2951 541 3005 clarissime
557 2954 629 3006 enim
648 2953 747 3022 judicio
764 2957 848 3008 aulico
867 2955 909 3008 lex
928 2955 965 3008 ibi
986 2957 1105 3024 ponitur,
1118 2974 1152 3010 tte
1200 2956 1233 3026 nb
1251 2967 1375 3018 sttctore,
1393 2957 1449 3008 scil.
1467 2964 1593 3024 qustenns
1611 2955 1791 3008 consideratur
1819 2963 1949 3024 tamquam
1976 2955 2017 3006 di·

332 3038 473 3105 quicqusm
492 3037 621 3102 decernat,
638 3039 708 3107 quod
732 3039 894 3094 ordinationi
923 3041 1093 3094 executionis
1112 3059 1151 3094 re·
1200 3051 1285 3095 rector
1305 3041 1396 3094 circuli
1416 3042 1545 3094 sustriuei.
1568 3041 1645 3110 tteep.
1667 3041 1726 3094 lloc
1745 3058 1823 3094 senso
1835 3043 1946 3093 omuino
1959 3059 2016 3094 exe·

333 3118 457 3187 frigetur·
476 3120 506 3174 Si
526 3121 599 3185 boc,
627 3139 688 3190 ergo
707 3135 754 3176 neo
773 3123 907 3176 insolitem
933 3125 1150 3180 commissionem
1200 3137 1275 3178 cntor
1293 3126 1344 3177 erit
1364 3125 1522 3194 imperetur,
1541 3125 1563 3175 si
1582 3124 1770 3178 condemnatus
1796 3127 1825 3177 in
1851 3126 1950 3178 circulo
1977 3146 2017 3178 su·

333 3222 381 3274 pro
395 3205 513 3258 faciende
526 3206 677 3262 executione
688 3207 813 3260 ordinere
825 3208 915 3260 debet.
931 3207 970 3260 De
992 3218 1094 3262 coetero
1111 3228 1152 3264 sn·
1200 3211 1295 3264 strieco
1312 3207 1405 3277 deget,
1424 3219 1468 3260 aut
1488 3209 1510 3261 si
1531 3207 1559 3260 in
1584 3207 1681 3261 ricinis
1706 3209 1815 3260 circulis
1840 3211 1959 3262 executio
1982 3209 2017 3262 is·

333 3297 386 3343 tem
405 3293 474 3344 circe
495 3293 600 3344 modum
621 3294 766 3362 exequendi
799 3295 879 3346 ultum
910 3294 1059 3349 libertatern
1077 3299 1151 3350 sulse
1199 3295 1299 3358 cieude,
1319 3305 1343 3348 et
1361 3293 1465 3346 illorum
1484 3290 1626 3346 directores
1646 3295 1685 3344 ret
1705 3291 1761 3344 litis
1781 3293 1925 3361 participes
1943 3293 2013 3356 sint,

334 3391 465 3428 onerarere
485 3376 604 3430 relictam
625 3393 699 3440 esse,
721 3393 755 3430 ex
774 3387 845 3430 textu
863 3377 965 3448 slleguti
985 3395 1101 3432 recessus
1118 3400 1152 3437 ne
1202 3377 1238 3428 tel
1257 3378 1291 3430 ob
1310 3375 1441 3429 delectum
1461 3375 1568 3442 sirium,
1589 3377 1692 3441 negotio
1710 3393 1762 3430 nnn
1783 3371 1949 3428 sufficientes
1963 3374 2017 3427 tue-

331 3459 558 3528 retbulnquidem
576 3459 681 3514 ostendi
700 3460 932 3530 putretudinem
953 3480 1003 3514 oon
1022 3459 1150 3530 diffiteor,
1200 3462 1262 3512 rint.
1282 3461 1352 3514 Note
1376 3469 1462 3514 sotem
1481 3469 1561 3513 estet
1581 3459 1698 3512 iusudits
1725 3461 1874 3514 vicinitatis
1902 3459 2016 3527 explice-

333 3542 401 3610 quod
421 3543 514 3598 ultimo
533 3542 588 3594 luco
602 3553 785 3612 urgeteuctor,
805 3561 882 3614 posse
892 3561 1033 3612 nnmerum,
1047 3548 1069 3598 si
1084 3550 1151 3614 eins·
1200 3545 1245 3609 tio,
1264 3563 1340 3614 quem
1360 3556 1453 3598 ructor
1472 3545 1517 3596 bic
1535 3543 1693 3614 suppeditst,
1711 3542 1836 3597 dicendo:
1854 3545 2017 3612 proximum

333 3625 392 3676 dem
408 3625 500 3678 circuli
514 3627 653 3695 principes
677 3643 766 3680 causee
782 3629 924 3698 perticipes
943 3631 1008 3695 siut,
1028 3632 1070 3686 sel
1087 3631 1152 3684 alise
1201 3647 1258 3682 non
1276 3639 1332 3680 tom
1351 3629 1412 3692 siun
1431 3640 1513 3697 quem
1529 3629 1631 3682 auxilii
1646 3627 1861 3696 promptitudine
1879 3640 1905 3682 et
1922 3625 2014 3698 effice·

333 3710 449 3760 scoticae
469 3726 560 3762 censae
573 3711 642 3771 ipsos
656 3723 791 3780 suspectos
805 3711 924 3778 reddent,
938 3730 981 3767 eos
1000 3716 1149 3783 praeterire,
1200 3715 1240 3766 cin
1264 3711 1468 3782 intelligentium
1487 3727 1558 3768 erse.
1587 3713 1615 3766 Si
1642 3713 1714 3764 enim
1741 3713 1790 3765 boc
1815 3713 2015 3776 admitteretur,

335 3802 361 3844 et
376 3793 503 3861 proximis
514 3794 619 3846 circulis
631 3798 813 3850 executionem
826 3797 1008 3856 committeres
1028 3799 1072 3850 sed
1085 3799 1149 3866 quid
1200 3807 1289 3866 specte
1309 3807 1410 3866 pateret
1427 3799 1485 3862 ris,
1502 3800 1560 3866 jure
1580 3797 1736 3850 circulorum
1757 3793 1901 3850 sufficienti
1920 3808 2014 3866 poten·

336 3877 440 3930 indeed
455 3877 604 3932 fucultatem
625 3878 706 3932 dandi
731 3881 942 3936 commissarium
968 3883 1150 3934 extreordins-
1199 3881 1233 3934 tie
1253 3897 1306 3934 non
1323 3880 1509 3934 instructorum
1528 3880 1692 3934 destruendi.
1711 3882 1768 3933 ltno
1788 3881 1904 3946 teudem,
1918 3885 1941 3935 si
1954 3900 2014 3936 exe-

332 3961 423 4014 rium?
443 3965 512 4017 Sene
531 3962 570 4013 illi
590 3962 735 4016 executioni
749 3981 826 4018 nemo
839 3967 963 4019 resistere
974 3967 1058 4033 debet,
1073 3985 1149 4038 quum
1199 3962 1315 4016 cutionis
1332 3961 1512 4032 promptitudo
1529 3961 1593 4032 quid
1606 3973 1763 4035 operaretur,
1776 3963 1867 4018 endem
1881 3974 2017 4034 praetexto

333 4061 434 4098 cernere
454 4041 639 4112 teljudicium
657 4049 768 4100 aulicum
788 4045 820 4098 sd
840 4051 1033 4121 praescriptum
1064 4054 1149 4122 legum
1199 4047 1254 4116 regi
1273 4046 1425 4100 Gellisesd
1444 4047 1647 4116 promoseodsru
1667 4047 1848 4100 executionem
1861 4049 2014 4102 commissio

334 4126 442 4194 imperii
462 4127 600 4192 instituit,
619 4128 664 4180 sed
686 4128 784 4180 ubisit
804 4130 845 4183 bis
864 4131 1020 4198 disceditur,
1040 4133 1150 4184 circulo·
1182 4130 1265 4208 duri,
1284 4131 1323 4181 cel
1341 4131 1385 4181 hin
1402 4129 1434 4182 ab
1453 4147 1486 4182 eo
1504 4140 1580 4194 stetu,
1598 4131 1639 4182 otti
1660 4129 1814 4183 commissio
1834 4131 1866 4182 etl
1882 4145 2014 4198 exequen-

332 4227 391 4262 ruru
411 4211 461 4276 juri
481 4210 639 4276 detrahitur,
656 4212 751 4280 quibus
771 4213 815 4266 ult
835 4231 893 4268 ctsu
921 4233 972 4268 nou
994 4217 1148 4268 uertendum
1200 4213 1261 4264 dum
1280 4212 1347 4278 tiele,
1367 4214 1394 4264 iu
1408 4213 1535 4266 rusilium
1550 4215 1636 4268 noceri
1653 4223 1751 4283 posset;
1769 4215 1841 4280 cujus
1860 4213 1898 4264 rei
1913 4215 2015 4267 utiusm

335 4303 373 4343 est
391 4292 466 4356 uitio,
485 4294 506 4344 si
527 4309 554 4344 ee
574 4295 601 4343 in
622 4297 786 4362 possessione
798 4297 872 4362 juris,
894 4307 929 4351 tut
946 4299 1150 4372 legibustetpe-
1199 4313 1250 4349 ⁰0¹1
1270 4305 1369 4349 ultrei
1387 4297 1435 4348 ¹³⁰⁰
1454 4297 1511 4366 ipio
1529 4299 1614 4351 tetulo
1631 4300 1790 4368 Umidum·
1809 4299 1851 4351 2¹¹3
1870 4311 2016 4367 ea[³¹¹⁰ttiil'

336 4377 386 4426 ctis
404 4369 518 4441 firmite,
537 4376 687 4431 defendant.
705 4381 799 4447 dequo
817 4382 844 4434 d.
855 4379 935 4450 posit.
950 4384 975 4434 1.
1196 4379 1361 4446 gratissimis
1381 4381 1469 4434 literis
1489 4397 1515 4434 se
1534 4381 1659 4450 opposuit
1679 4379 1826 4432 Fridcricus
1840 4383 2014 4434 Wilbelmus

602 4497 622 4550 c
643 4498 663 4547 Α
686 4497 704 4548 p
725 4499 790 4551 UT
829 4501 877 4554 xv
1199 4467 1325 4533 blegnus,
1351 4465 1452 4519 elector
1474 4463 1667 4532 brandenburg.
1692 4465 1816 4535 princeps
1839 4465 1871 4518 de
1896 4466 2021 4520 libertate

880 4537 885 4550 ¹
1201 4553 1295 4619 imper.
1314 4550 1500 4602 immortaliter
1519 4549 1637 4614 meritus,
1655 4565 1763 4616 quorum
1778 4561 1893 4602 tenorem
1907 4551 2019 4605 exbibet

371 4623 535 4692 Imperatori
546 4624 628 4676 etium
642 4633 671 4675 ut
683 4623 764 4690 copiti
780 4635 806 4676 et
819 4625 929 4680 domiuo
945 4636 1101 4694 potestatem
1201 4634 1331 4702 lmudurp.
1344 4644 1395 4685 rtet.
1406 4633 1477 4698 publ.
1490 4631 1528 4682 ori
1541 4651 1645 4686 annum
1662 4632 1741 4683 1661.
1753 4651 1814 4701 cup.
1827 4635 1869 4684 lli.

596 4707 743 4778 exequendi
754 4721 908 4777 competere.
1237 4719 1266 4768 ln
1285 4713 1338 4768 fine
1357 4715 1463 4781 subjicit
1480 4725 1577 4778 auctor,
1592 4717 1690 4768 mttltos
1699 4715 1762 4786 jorn
1775 4715 2018 4787 rudoerrosfirirse

336 4820 371 4924 S
415 4860 418 4868 ,
1199 4801 1318 4866 circutos,
1339 4799 1391 4854 nisi
1407 4819 1533 4856 enernren
1552 4803 1676 4874 majestas
1693 4801 1775 4854 celeri
1791 4801 1910 4865 auxilio,
1937 4805 2020 4870 pueri

373 4891 444 4925 serre
464 4891 596 4928 caeterene
616 4876 739 4943 mejettsti
759 4877 905 4946 exequendi
925 4895 982 4932 snus
1009 4881 1150 4934 sententies
1198 4887 1241 4938 rui
1256 4885 1337 4952 ipsius
1356 4885 1546 4938 substitutione
1565 4883 1760 4950 concurrisset,
1773 4883 1883 4938 admitto
1897 4887 1955 4950 boc',
1971 4891 2020 4940 nbi

334 4971 479 5026 competere
499 4970 659 5030 poteststem,
679 4959 808 5030 bucusque
827 4978 878 5012 uon
899 4974 1018 5032 uegetum
1037 4966 1149 5018 esuve-
1200 4971 1319 5023 incursus
1339 4969 1447 5022 hostiles
1473 4969 1607 5022 avertendi
1630 4967 1749 5029 ittecuttt;
1776 4967 1820 5020 sed
1846 4967 1889 5020 bic
1913 4971 2018 5041 pariter

333 5045 391 5096 rtitu
404 5043 517 5108 ejusdem
531 5045 668 5112 potestatis
685 5043 840 5096 exercitium
856 5043 961 5098 institui
974 5046 1050 5101 debet
1061 5064 1149 5101 secun·
1199 5053 1353 5123 imperatori
1378 5063 1405 5106 et
1424 5053 1539 5122 imperio
1566 5053 1709 5123 periculum
1739 5051 1935 5116 inminuisset,
1962 5055 2020 5108 nisi

334 5125 396 5177 tlutu
416 5127 526 5180 loentum
545 5127 600 5197 lege
626 5128 727 5196 publice
747 5130 949 5197 prsescriptuu,
969 5131 1047 5183 sicuti
1072 5150 1148 5202 supre
1198 5137 1277 5190 celeri
1295 5139 1396 5190 eoxilio
1416 5138 1515 5190 milites
1534 5153 1581 5206 per
1601 5136 1712 5188 circulos
1723 5136 1868 5206 conscripti
1880 5154 1959 5206 opem
1975 5149 2020 5192 tn-

333 5226 391 5276 cop.
412 5210 436 5262 5.
455 5211 667 5262 demonstratum.
685 5210 787 5279 Quibus
807 5230 858 5264 uon
885 5215 986 5266 resistit
1010 5229 1148 5283 argumen·
1199 5224 1299 5276 iissent.
1318 5222 1398 5276 Ardet
1416 5222 1462 5274 teli
1482 5238 1542 5274 essu
1561 5222 1709 5274 communis
1734 5220 1836 5289 peries,
1861 5221 1906 5272 ubi
1936 5234 2022 5293 ceput

335 5301 400 5356 tum,
419 5293 488 5362 quod
508 5309 539 5345 ea
552 5293 613 5347 ord·
630 5311 729 5348 comer.
748 5306 774 5348 et
792 5313 885 5350 reeesr.
903 5298 968 5366 imp.
980 5298 1086 5352 adducit
1103 5320 1147 5354 sn·
1198 5316 1223 5358 et
1242 5308 1359 5360 membra
1377 5307 1428 5360 sibi
1448 5323 1612 5376 quocumque
1626 5306 1703 5358 modo
1715 5321 1865 5358 succurrere
1883 5317 2020 5364 tenentur.

334 5377 543 5439 etnr,diceudo:
563 5377 713 5432 uirtutibus
733 5377 839 5450 imperii
859 5400 898 5446 ,us
910 5383 1056 5451 exequendi
1075 5401 1147 5438 com·
1199 5390 1245 5440 dst
1262 5393 1284 5442 si
1305 5390 1338 5442 de
1356 5391 1511 5444 executione
1529 5407 1616 5442 rernm
1642 5388 1816 5454 judicatarum
1834 5398 1939 5458 egetur,
1965 5395 2019 5444 slis

335 5459 405 5528 petit
424 5460 451 5511 in
471 5477 540 5525 casn,
558 5479 608 5530 quo
627 5464 755 5516 sententie
775 5464 803 5516 in
822 5482 926 5520 summo
941 5469 1035 5538 imper.
1052 5469 1150 5536 iudicio
1200 5490 1287 5526 rerum
1306 5473 1386 5528 ficies
1404 5485 1454 5527 est:
1474 5473 1517 5526 bic
1536 5474 1563 5526 in
1584 5489 1654 5527 mors
1673 5475 1772 5528 nultum
1792 5476 1949 5543 periculum,
1970 5479 2020 5530 scd

333 5541 401 5608 tutu,
422 5560 466 5595 cur
486 5544 531 5594 illu
550 5543 700 5614 denegandu
721 5545 788 5600 toret
807 5549 980 5618 imperatori,
999 5553 1083 5622 quoetl
1104 5554 1149 5605 int·
1199 5557 1288 5610 omnis
1307 5558 1355 5609 hsc
1373 5557 1475 5610 retinne
1487 5555 1660 5628 expedienda,
1679 5570 1754 5628 prout
1766 5560 1847 5610 semel
1859 5560 2019 5630 imperatori

334 5625 443 5682 mettun
463 5627 573 5701 ituperio
592 5630 742 5701 subiectos?
761 5633 841 5708 Resp.
855 5633 955 5690 Eodem
975 5655 1086 5706 recessu,
1099 5657 1150 5710 quo
1202 5650 1229 5696 et
1247 5639 1355 5714 imperit
1375 5641 1489 5696 stutibns
1507 5641 1617 5712 plicuit.
1636 5641 1668 5697 Et
1686 5643 1830 5712 optandum
1849 5641 1925 5710 soret,
1945 5657 1975 5699 ut
1990 5649 2021 5702 in
