4346 6194
207 285 270 339 373
630 276 678 330 DE
697 277 787 334 sunl:
804 276 934 335 ttlttt't’t
953 276 990 332 ΙΝ
1011 275 1227 350 acQUlEsTtt
1246 274 1381 335 UXORIS
1739 278 1791 332 tlt

132 379 292 446 ianorarlt.
315 378 458 452 Tiraquell.
476 373 553 430 adtt
564 374 683 428 arnaud.
699 373 736 444 gt.
751 376 776 426 1.
795 390 825 440 p.
845 377 870 428 1.
887 391 915 426 n.
934 375 977 428 36.
1069 381 1091 437 ι.
1110 373 1155 427 32.
1172 371 1212 424 tta
1229 373 1276 426 lsao
1297 383 1424 444 potestate
1448 372 1563 430 maritali
1590 373 1619 428 iu
1643 387 1749 428 osorem
1776 393 1847 432 nuuc

127 455 235 517 'Beusc
254 463 305 518 cis.
318 465 370 518 loc.
384 459 533 528 llillig.ait.
546 459 599 512 loa.
619 458 740 512 Richter.
756 476 783 528 p.
798 461 822 509 1.
836 458 893 512 dec.
907 458 932 512 6.
949 478 976 513 n.
1031 455 1084 528 (ΙΙ)
1102 456 1239 511 descendit
1257 460 1299 525 ius
1317 457 1366 511 riri
1386 461 1413 512 iu
1436 458 1502 512 bona
1529 459 1642 522 araris,
1659 461 1765 526 ejusque
1783 477 1845 529 ope·

132 549 163 600 6.
177 547 283 610 relati,
306 547 329 600 ai
348 548 461 600 scienter
474 542 594 613 nupserit
607 539 817 596 circumforaneo
831 553 858 596 et
872 543 978 598 histrio-
1031 556 1083 606 ras,
1103 541 1131 592 iu
1148 557 1201 612 qao
1220 543 1376 609 praecipuus
1393 541 1500 595 effectus
1520 541 1650 594 maritalis
1668 543 1805 608 potestatis
1816 559 1845 596 aa

133 631 177 682 rai.
198 629 288 699 Quod
308 629 372 684 adeo
396 628 560 688 extendunt,
581 636 606 680 ιιι
625 635 733 695 putent,
751 641 859 680 uxorem
877 643 978 697 qnoque
1030 627 1126 688 exerit,
1145 627 1275 694 simulqua
1294 627 1391 688 iouuit,
1412 627 1564 680 maritorum
1584 627 1623 692 jus
1637 625 1670 678 de
1688 627 1743 692 iure
1761 645 1845 682 roma·

132 715 218 782 seqsu
243 714 336 766 leuari
356 714 479 766 maritum
499 711 641 775 relegatum
661 719 686 762 et
708 707 863 772 bannitum,
884 711 976 782 Aegial.
1029 721 1065 758 ao
1084 725 1135 761 noo
1154 723 1214 760 esse
1230 708 1325 771 inane,
1344 718 1388 760 ant
1407 708 1434 760 iu
1455 709 1509 762 solo
1534 707 1646 776 imperia
1675 709 1844 772 consistens,

133 793 220 848 Bosa.
234 796 267 848 ira
279 814 323 866 pr.
334 795 410 851 erim.
422 796 472 850 sud
485 794 525 846 sit.
537 791 571 845 de
585 792 648 846 ion.
659 791 756 858 pullio.
769 811 797 844 n.
810 795 853 846 tt.
866 797 978 848 Hartm-
1030 789 1075 842 sed
1095 803 1222 858 praeterea
1240 790 1363 844 etinctum
1376 791 1560 860 acquisitivum
1574 807 1660 844 smum
1675 790 1780 846 ducens·
1793 793 1846 846 Sed

136 880 248 933 Pistor.
270 881 331 934 ads.
351 880 411 932 118.
429 897 457 930 ιι.
476 879 503 930 3.
521 877 619 930 Verum
640 874 688 928 hoc
715 887 802 928 taurea
831 887 976 947 temperaa·
1032 871 1065 922 de
1084 871 1132 924 hoo
1149 873 1243 926 effectu
1262 874 1291 926 ia
1309 874 1477 943 seqarentibus
1495 876 1571 943 pardo
1595 873 1726 942 prolixius
1743 874 1792 930 erit
1816 895 1844 928 a·

136 963 210 1016 dura
224 980 361 1018 esseausa
381 963 477 1031 Belgio
496 969 570 1030 putat
588 959 681 1030 Culpa.
696 973 736 1024 pr.
755 961 830 1014 crim.
856 963 977 1031 pauido.
1029 955 1341 1026 proslambanomeni
1360 957 1462 1021 ordine,
1480 967 1510 1010 ut
1527 958 1555 1010 iu
1575 959 1695 1026 proximo
1712 959 1845 1030 capitede

135 1065 166 1100 ra.
189 1045 239 1098 16.
261 1056 292 1100 ιιι
311 1063 347 1100 aa.
370 1065 421 1098 non
442 1045 506 1097 adeo
523 1058 611 1096 serere
632 1059 691 1094 curu
718 1042 844 1095 uxuribus
869 1052 975 1111 agatur,
1028 1039 1092 1108 iura
1118 1040 1212 1094 mariti
1230 1042 1258 1094 ia
1279 1053 1425 1111 arpaaestu
1448 1042 1544 1098 umoris
1566 1043 1723 1110 generaliter
1747 1061 1842 1113 agam,

136 1133 163 1183 si
178 1129 365 1185 difficultates
382 1131 419 1182 rei
438 1126 595 1189 familiaris,
613 1133 644 1178 et
661 1123 853 1179 educandorum
879 1127 975 1181 libero·
1029 1134 1120 1195 postea
1141 1127 1300 1196 specialibus
1316 1128 1450 1197 capitibus
1474 1130 1506 1182 de
1530 1127 1617 1197 operis
1634 1145 1754 1182 aearum
1772 1133 1844 1185 odra·

137 1232 205 1268 rum
227 1213 339 1278 adsint,
357 1223 466 1283 propter
483 1226 546 1280 quar
565 1207 702 1262 commoda
718 1207 792 1276 sequi
805 1226 858 1262 aoa
877 1212 976 1281 possit,
1030 1209 1165 1278 parictibus
1182 1223 1208 1263 es
1224 1209 1413 1281 artificialibus
1432 1220 1560 1273 tractem,
1578 1226 1610 1262 es
1627 1211 1722 1280 qaribus
1746 1213 1842 1268 distin-

137 1283 326 1371 praesertim,
342 1315 400 1351 rum
421 1297 448 1348 in
466 1313 498 1349 eo
515 1292 975 1348 casaieretautummulomaritum
1028 1297 1096 1350 etius
1114 1297 1252 1367 explicatis
1271 1297 1304 1350 de
1330 1307 1455 1367 potestate
1484 1297 1607 1351 maritali
1633 1297 1701 1351 atara
1725 1297 1793 1353 bona
1816 1308 1844 1352 st

137 1383 221 1450 aqui
239 1383 380 1450 jubeatur,
399 1381 420 1434 si
441 1389 548 1449 propter
562 1377 653 1430 axoris
664 1377 879 1432 intercessionem
894 1395 977 1449 poena
1028 1379 1148 1433 fortunas
1166 1395 1275 1436 uxorum
1294 1381 1364 1434 clare
1381 1380 1521 1435 coartabit.

138 1463 278 1519 adulterii
290 1462 403 1518 atrocior
422 1462 451 1516 la
464 1461 651 1532 relegatiouaus
668 1470 768 1514 mutata
782 1458 869 1516 iussit.

826 1624 1071 1695 CAPUT
1117 1623 1162 1691 11.

644 1797 701 1864 De
715 1797 797 1886 jure
820 1801 938 1866 naar'iti
961 1804 998 1868 t'u
1022 1815 1205 1890 acquaostu
1228 1804 1365 1867 umoris.

400 2007 744 2064 summam.

146 2179 201 2232 An
217 2193 256 2228 εκ
266 2175 327 2228 sola
337 2183 470 2241 potestate
484 2174 578 2226 moriri
590 2173 620 2227 in
633 2189 734 2225 uxores
744 2172 794 2244 jus
814 2171 842 2225 in
864 2189 977 2243 acquae·

182 2271 260 2314 stum
276 2269 301 2311 et
314 2259 386 2310 dona
401 2259 499 2311 uxoris
510 2257 596 2327 possit
606 2256 720 2310 deduci?
733 2263 753 2318 ι.
771 2261 797 2308 1.

147 2353 202 2400 An
216 2347 253 2396 sit
265 2343 421 2396 communio
436 2343 568 2397 bonorum
583 2344 655 2395 inter
667 2340 816 2410 coniuges?
828 2347 850 2405 ς,
862 2340 888 2392 3.

150 2429 234 2500 Ouid
243 2432 275 2483 de
281 2429 345 2500 J'ure
357 2427 498 2482 communi
509 2427 674 2483 dicendum?
685 2435 706 2491 ς.
719 2427 745 2478 3.

148 2513 276 2570 Decisio.
289 2521 311 2575 ι.
327 2511 352 2563 d.

143 2597 341 2664 despondetur·
351 2594 450 2648 datiis.
463 2601 484 2657 ς.
498 2596 523 2646 6.

148 2687 203 2736 An
219 2681 253 2734 de
264 2681 325 2748 iure
346 2677 481 2733 canonico
507 2678 572 2730 talis
594 2674 749 2731 communio
772 2675 858 2728 statui
871 2669 978 2740 possit?

206 2765 255 2815 ,6.

147 2761 301 2920 Adnotatu
313 2854 453 2900 constante
474 2841 650 2897 matrimonio
667 2863 722 2897 non
735 2851 799 2896 sunt
816 2837 978 2893 communia.

185 2941 210 2996 §-
225 2934 252 2982 r.

152 3014 277 3088 oriundo
294 3007 976 3080 marituslucreturfinotusdonarumparapderna·

187 3099 308 3160 lirarn?§.
324 3099 349 3148 8.

151 3188 203 3239 An
220 3181 336 3234 moribus
345 3179 405 3246 plus
413 3179 484 3248 juris
496 3179 595 3233 lrabeat
609 3177 638 3232 in
651 3176 723 3232 dano
744 3175 978 3245 paraphernalia?

188 3263 252 3336 §.a

159 3348 235 3428 Quid
244 3347 269 3398 si
281 3363 338 3398 nora
351 3355 469 3406 constet,
482 3361 533 3412 puo
547 3345 625 3397 titulo
639 3344 713 3396 dono
727 3341 764 3394 ad
782 3359 898 3394 uxorem
915 3359 976 3408 per·-

156 3447 159 3454 ’
192 3429 434 3490 arretinorum.

154 3517 380 3570 Fundamentum
399 3513 478 3582 liujus
489 3511 717 3578 praesumptionis.
731 3513 753 3579 §.
771 3514 814 3564 11.

162 3605 192 3655 V
189 3617 252 3654 erut·
261 3617 357 3655 sensus
370 3599 388 3650 ἱ.
406 3600 450 3650 tlt.
463 3600 506 3651 cit.
522 3599 672 3651 adducitur.
687 3597 749 3651 ibid.

155 3685 330 3737 Formantur
349 3681 420 3735 duae
433 3682 541 3749 regulae
554 3699 590 3734 ex
601 3681 724 3733 adductis
737 3679 859 3732 textibus.
876 3685 896 3739 i.
915 3675 959 3732 tt.

157 3767 280 3835 Regulos
289 3764 392 3830 primae
405 3765 540 3831 requisita.
554 3766 576 3828 §.
591 3765 633 3815 13.

157 3853 187 3900 A
193 3867 208 3898 a
223 3847 333 3900 moritus
344 3848 463 3915 probare
475 3847 582 3909 debeat,
597 3847 671 3899 dona
686 3857 831 3900 constante
842 3845 981 3898 matrimo-

197 3933 241 3984 nio
251 3947 307 3985 esse
317 3929 476 3998 ocqrrt'sito?
487 3929 551 3981 idid.

163 4015 237 4085 (sarid
247 4017 271 4066 si
281 4027 343 4067 aare
357 4013 557 4067 matrimonium
577 4028 594 4063 a
613 4027 718 4081 sponsa
742 4010 847 4080 aliquid
864 4010 976 4081 aequisi-

196 4101 306 4161 tum?§.
326 4098 367 4148 11.

160 4184 312 4238 limitatio.
326 4181 390 4238 idid.

165 4269 238 4334 Ouid
255 4269 286 4322 de
301 4267 380 4320 vidua
399 4263 589 4330 dicendum?§
613 4263 655 4315 tlt.

162 4355 211 4402 Asa
224 4347 425 4402 matrimonium
437 4348 533 4399 initum
550 4343 723 4416 requiratur?
736 4351 757 4408 ς.
773 4347 816 4398 16.

167 4438 246 4487 llaor
255 4449 360 4503 semper
373 4434 424 4484 doc
435 4432 464 4483 in
477 4447 542 4483 casu
555 4430 722 4484 contrarium
735 4429 852 4500 probare
864 4437 979 4481 tenetur.

197 4519 217 4582 s.
232 4519 277 4567 rr.

166 4600 307 4666 (traornodo
319 4599 436 4662 probare
452 4599 534 4661 possit
546 4613 627 4660 uuor,
648 4612 703 4649 rem
726 4606 870 4651 constante
885 4593 977 4647 matri-

197 4681 289 4734 monio
301 4683 460 4748 acquisitam
474 4683 549 4735 adse
566 4681 726 4746 pertinere?
739 4687 760 4740 ι.
778 4682 819 4731 18.

164 4773 211 4824 An
227 4771 255 4818 in
273 4769 439 4831 possessorio
453 4769 517 4821 doec
526 4767 706 4838 praesumptio
719 4765 822 4838 ulipuid
834 4768 980 4830 operetur?

198 4861 219 4912 i·
235 4855 278 4905 tt.

168 4943 304 5010 Quatenus
320 4936 492 4991 admonitum
506 4933 638 5002 ejusmodi
650 4933 781 5002 acquisito
804 4935 979 5000 pertineant?

163 5021 334 5172 Adqraoestus
345 5101 428 5171 qnid?
440 5109 461 5164 §.
485 5101 529 5153 tt.

163 5193 204 5244 De
217 5192 342 5242 societate
354 5186 492 5255 coniugali
510 5186 662 5238 statutara‘a.
675 5191 696 5246 t.
711 5183 754 5235 33.

166 5275 236 5340 Qraid
251 5271 277 5322 si
293 5271 398 5324 varient
409 5281 506 5320 statuto
522 5269 620 5320 uxoris
636 5279 662 5321 et
673 5267 745 5321 uiri?
757 5275 778 5328 t.
791 5267 834 5318 33.

164 5359 207 5410 De
216 5357 280 5428 jure
294 5355 383 5407 ruarisi
393 5355 420 5406 in
445 5345 611 5422 ocqraouram
630 5353 802 5422 conjugalem
816 5369 852 5404 ex
870 5353 979 5404 statutis

199 5444 328 5492 incurram.
341 5439 361 5503 §.
375 5437 417 5488 21.

164 5611 189 5674 §.
212 5613 236 5659 1.
257 5555 409 5673 Equidem
436 5605 500 5656 altas

165 5695 277 5764 demque
295 5691 443 5747 coar-tinum
461 5693 516 5760 jura
537 5691 606 5744 raria
635 5688 727 5742 deduci
753 5699 881 5757 passarus,
907 5705 979 5756 arque

531 5623 565 5656 ex
588 5613 656 5656 stato
681 5616 853 5668 personarum
884 5619 980 5655 earatm·

1026 1997 1101 2060 adeo,
1120 2009 1254 2067 postquam
1275 1999 1308 2050 de
1327 2006 1392 2052 statu
1413 1999 1554 2054 mulierum
1574 1999 1621 2054 suls
1639 2011 1765 2070 potestate
1776 2005 1843 2060 riro·

1027 2097 1085 2132 rum
1107 2083 1279 2134 existentium
1309 2085 1484 2151 praecedente
1510 2086 1595 2153 capite
1620 2085 1843 2155 disquisirimus,

1027 2165 1168 2218 ridendum
1188 2177 1236 2224 est,
1255 2183 1287 2218 au
1308 2183 1341 2219 ex
1361 2169 1410 2219 hoo
1429 2179 1494 2220 statu
1513 2169 1597 2235 possit
1615 2170 1655 2236 jur
1670 2173 1756 2223 mariti
1771 2175 1841 2226 cirea

1030 2249 1097 2300 bona
1116 2259 1142 2300 et
1160 2261 1325 2318 acquaestnm
1348 2253 1440 2303 rasoris
1460 2253 1567 2322 colligi.
1588 2249 1708 2305 Difficile
1732 2273 1790 2309 vero
1816 2259 1843 2308 id

1032 2332 1105 2386 ralde
1123 2350 1180 2386 esse
1198 2345 1320 2394 autumo,
1342 2351 1399 2386 cum
1420 2345 1534 2404 potestas
1565 2335 1644 2388 lsodie
1669 2335 1724 2389 tere
1754 2343 1845 2392 eadem

1032 2417 1188 2469 maritorum
1208 2417 1237 2469 io
1251 2433 1344 2470 rasores
1364 2419 1416 2480 sit,
1436 2426 1461 2470 et
1482 2428 1570 2470 tameu
1592 2421 1644 2486 jora
1672 2422 1846 2478 diversimode

1032 2500 1143 2562 varient,
1163 2503 1210 2568 ita,
1229 2513 1257 2555 ut
1275 2503 1370 2555 alicubi
1390 2503 1542 2554 commuuio
1559 2519 1627 2567 aera,
1647 2515 1670 2558 et
1687 2507 1791 2576 proprie
1808 2510 1847 2560 di·

1030 2594 1070 2636 eta
1088 2585 1218 2638 Βοιιοιιιπι
1238 2585 1314 2649 adsit,
1334 2585 1430 2637 alicubi
1458 2602 1519 2638 reru
1544 2586 1712 2654 impropriae
1736 2593 1804 2643 sient
1823 2611 1847 2644 e·

1028 2667 1084 2718 nim
1105 2669 1161 2736 ipss
1181 2679 1296 2738 potestas
1315 2669 1448 2722 maritalis
1469 2671 1569 2736 teganus
1587 2670 1709 2724 uirilibus
1723 2675 1794 2727 rarle
1805 2687 1846 2730 est

1026 2747 1207 2814 determinata,
1227 2766 1250 2805 et
1269 2749 1397 2817 definita,
1418 2755 1452 2805 lta
1471 2771 1570 2824 quoque
1588 2759 1628 2823 jus
1647 2758 1675 2808 in
1694 2759 1760 2812 boue
1781 2777 1845 2813 uso-

1028 2833 1067 2886 ris
1085 2835 1166 2888 rarils
1186 2836 1303 2889 modica
1323 2837 1425 2906 legibus
1443 2839 1593 2892 restrictum
1620 2851 1644 2895 st
1673 2841 1843 2898 informatum

1027 2927 1072 2968 est.
1091 2917 1125 2969 Et
1144 2935 1201 2970 curu
1223 2921 1394 2990 potissimum
1416 2931 1469 2973 tota
1483 2921 1651 2977 dicendorum
1666 2927 1732 2980 ratio
1744 2945 1799 2982 sesa
1812 2933 1843 2982 ad

1026 3007 1120 3050 statuta
1140 3013 1163 3055 et
1181 3019 1319 3054 commune
1337 3007 1377 3064 ius
1396 3005 1492 3057 reierat
1505 3042 1513 3069 ,
1526 3006 1702 3080 hincquoque
1727 3014 1843 3082 primum

1026 3081 1167 3136 ridendum
1183 3096 1238 3149 est,
1257 3089 1332 3152 quale
1350 3089 1390 3152 ius
1411 3091 1507 3141 marito
1519 3091 1658 3144 seeundum
1670 3093 1715 3160 ins
1727 3113 1845 3150 commu·

1027 3184 1062 3219 ne
1080 3186 1230 3223 romanum
1258 3174 1286 3221 iu
1314 3183 1452 3241 arquaestu
1477 3175 1568 3225 uxoris
1594 3186 1744 3244 competat,
1771 3181 1844 3232 deiu-

1026 3269 1108 3320 oeps,
1128 3253 1192 3322 quid
1218 3257 1320 3309 statutis
1350 3265 1479 3310 sertorum
1506 3259 1621 3310 tororum
1649 3259 1692 3311 hio
1719 3261 1844 3317 immuta·

1028 3345 1080 3388 tum
1103 3338 1159 3386 ait.

1062 3415 1085 3486 §f
1105 3419 1129 3469 2.
1148 3417 1276 3490 Capitalis
1297 3433 1382 3474 autem
1402 3433 1428 3477 et
1448 3423 1652 3479 laudameotalis
1670 3428 1713 3480 laic
1739 3441 1798 3484 ante
1816 3451 1844 3484 o·

1030 3505 1099 3555 mnia
1117 3507 1235 3574 quaestio
1254 3517 1292 3558 est
1312 3509 1495 3574 examinanda,
1514 3529 1546 3562 ao
1566 3526 1599 3563 ex
1618 3513 1741 3566 societate
1758 3521 1844 3585 conju·

1029 3589 1078 3655 gali
1099 3605 1145 3656 per
1164 3605 1191 3642 se
1208 3591 1270 3643 ttoar
1289 3592 1441 3645 commuuio
1459 3594 1576 3646 omniura
1597 3595 1746 3648 bonorum?
1765 3599 1845 3681 qui-

1029 3672 1106 3734 dem,
1125 3673 1346 3742 quemadmodum
1366 3677 1394 3726 iu
1422 3676 1507 3738 capite
1532 3679 1704 3732 antecedente
1729 3685 1779 3744 jam
1805 3685 1846 3736 dl·

1030 3765 1100 3808 ctum
1123 3768 1185 3820 est,
1204 3775 1251 3810 uec
1270 3775 1318 3826 per
1337 3776 1365 3812 se
1384 3761 1528 3812 maritalem
1549 3771 1698 3828 potestatem
1717 3783 1748 3817 ex
1763 3769 1843 3822 socie·

1031 3851 1083 3894 tate
1102 3843 1229 3912 conjugali
1249 3841 1343 3907 fluere,
1363 3844 1398 3897 ita
1415 3861 1517 3913 quorpre
1535 3847 1591 3916 ipsa
1610 3849 1719 3902 societas
1731 3837 1846 3922 conjugii

1033 3940 1106 3978 causa
1127 3928 1192 3978 inita
1212 3942 1265 3978 noo
1285 3929 1434 3980 necessario
1455 3929 1584 3982 inrolrere
1607 3932 1711 3985 ridetur
1729 3952 1845 3988 eommu-

1030 4007 1135 4060 uiouem
1154 4009 1272 4061 omnium
1294 4009 1439 4076 mnarum,
1466 4013 1527 4065 lieet
1553 4014 1594 4067 rel
1620 4019 1735 4068 maxime
1759 4019 1845 4074 eidem

1031 4089 1174 4141 conformis
1195 4093 1237 4143 sit.
1258 4091 1431 4146 Potissimum
1452 4097 1521 4148 euim
1543 4099 1606 4150 haec
1626 4101 1735 4153 soriano
1764 4106 1845 4158 initur

1031 4175 1128 4226 sobolis
1147 4175 1325 4240 procreandae
1342 4193 1436 4240 ususa,
1455 4183 1500 4248 qni
1527 4177 1591 4232 linis
1617 4192 1703 4252 potest
1727 4185 1844 4240 obtineri

1029 4255 1125 4325 absque
1142 4259 1326 4311 commuuione
1345 4261 1462 4312 omnium
1485 4265 1626 4318 bonorum:
1647 4282 1679 4316 ex
1697 4284 1747 4337 qno
1767 4269 1844 4336 lluit,

1030 4341 1116 4409 pactis
1134 4357 1198 4410 opus
1217 4359 1282 4405 esse,
1302 4345 1323 4394 ai
1344 4347 1422 4396 talem
1442 4349 1654 4401 coaumuniouem
1668 4351 1738 4403 inter
1750 4369 1776 4404 se
1789 4373 1846 4406 oon·

1030 4427 1141 4478 stltnere
1160 4427 1257 4478 relint.
1277 4427 1308 4480 Et
1328 4431 1389 4481 licet
1410 4447 1474 4482 uxor
1501 4433 1600 4484 dicatur
1623 4435 1749 4503 quaedam
1777 4439 1845 4492 thuri

1028 4511 1107 4570 socia,
1127 4511 1175 4562 ltoc
1194 4521 1280 4564 tamen
1299 4515 1330 4566 ad
1351 4513 1406 4582 ipsa
1426 4514 1491 4569 bona
1512 4533 1562 4568 non
1582 4521 1704 4586 pertinet,
1717 4524 1764 4573 sed
1785 4533 1843 4574 tan·

1027 4595 1163 4647 trammodo
1181 4595 1213 4647 ad
1232 4608 1304 4650 actus
1323 4598 1486 4651 matrimonii
1506 4603 1634 4670 proprios.
1654 4603 1730 4673 Quod
1750 4605 1771 4656 si
1786 4622 1845 4658 aero

1029 4679 1123 4730 iterum
1145 4678 1189 4742 ld,
1208 4681 1278 4748 quod
1299 4683 1381 4748 mauis
1399 4683 1460 4734 huic
1473 4685 1590 4737 societati
1605 4687 1751 4751 ronrenlat,
1764 4701 1785 4741 et
1800 4691 1844 4740 lro·

1027 4772 1129 4815 nestum
1150 4764 1279 4828 rideatur,
1300 4765 1480 4834 inspicimus,
1498 4769 1608 4821 omnino
1627 4772 1788 4836 asserimus,
1808 4791 1845 4824 so·

1027 4849 1115 4899 oletati
1136 4847 1197 4899 huic
1210 4847 1333 4916 inprimis
1345 4851 1486 4904 conrenire
1498 4853 1709 4906 communionem
1723 4858 1842 4908 omnium

1028 4933 1164 4993 bonorum,
1183 4933 1348 5001 praesertim,
1368 4951 1426 4986 eum
1446 4937 1595 4989 arctissima
1624 4937 1694 4990 inter
1720 4943 1845 5008 conjuges

1026 5017 1092 5069 ritae
1109 5016 1267 5069 consuetudo
1280 5021 1326 5076 sit,
1339 5034 1368 5070 ac
1380 5033 1532 5088 perpetuum
1547 5024 1720 5085 consortium,
1733 5034 1759 5076 et
1775 5041 1844 5095 prae·

1028 5112 1096 5153 teres
1115 5111 1222 5168 raterqsm
1241 5104 1377 5170 coniugum
1397 5113 1551 5173 cooperetur
1570 5105 1598 5157 iu
1617 5119 1783 5158 communem
1805 5111 1842 5162 rei

1029 5183 1186 5236 domesticae
1203 5185 1363 5249 utilitatem,
1390 5203 1454 5253 qnae
1485 5203 1537 5239 uou
1558 5191 1671 5251 restius,
1696 5207 1771 5258 quam
1797 5210 1844 5262 per

1027 5267 1157 5327 eiusmodi
1190 5269 1402 5320 communionem
1440 5269 1621 5338 impetratur.
1660 5273 1758 5325 Verum
1786 5289 1842 5326 cum

1029 5350 1177 5414 husjusmodi
1208 5353 1422 5405 ratiocinationes
1448 5353 1545 5422 aliquid
1579 5354 1685 5423 quidem
1719 5360 1844 5426 ponderis

1030 5435 1152 5498 habeant,
1171 5453 1223 5486 noo
1245 5444 1332 5488 tamen
1352 5437 1515 5489 uecessitent
1527 5477 1537 5504 ,
1561 5439 1663 5510 legibus
1686 5460 1752 5512 opus
1770 5443 1843 5511 init,

1028 5537 1094 5589 quse
1113 5521 1179 5571 lianc
1199 5535 1254 5573 rem
1277 5519 1438 5574 deciderent.

1063 5603 1083 5668 ς
1105 5603 1129 5654 3.
1150 5603 1226 5671 Quod
1247 5605 1269 5654 si
1290 5605 1375 5674 itaque
1396 5621 1451 5657 rem
1473 5605 1613 5658 seeundum
1638 5609 1679 5674 jus
1705 5626 1842 5662 romanum

1033 5687 1183 5754 considero,
1202 5703 1253 5742 non
1271 5687 1421 5756 doluerunt,
1440 5689 1485 5760 qui
1512 5707 1596 5745 reram
1623 5691 1751 5748 bonorum
1778 5715 1847 5749 com·
