4414 6188
599 337 1066 420 presuras-10
1114 289 1348 422 ratus

273 553 393 676 tots
445 547 1090 676 anoutstouu
1140 525 1689 682 mantuanae

790 807 843 849 nra
866 809 939 852 utu
961 808 1045 854 suro
1069 809 1188 858 rocon.
1243 795 1246 802 “

826 982 1157 1027 sesterionem

391 1119 1035 1234 u.sou.m1onu.oaaaa'10,
1060 1144 1175 1216 mas.
1200 1145 1297 1216 suu.
1322 1145 1430 1216 ura.
1455 1143 1595 1220 cauo.
1648 1201 1651 1212 ,

732 1451 1272 1500 ...ψ-

843 1643 1151 1774 ttthtEsstJS.

161 1921 324 2052 Novom
348 1970 438 2066 qood
461 1971 622 2066 auspicati
648 1995 781 2058 erimus,
804 1975 972 2066 seculum,
995 1975 1237 2070 amplissimum
1260 1977 1422 2046 bellorum
1442 1992 1633 2068 apparatum
1658 1975 1730 2040 orbi
1756 1973 1831 2040 uni·

161 2088 255 2133 verso
277 2063 378 2132 sistit.
398 2060 463 2130 Nec
486 2065 577 2129 euim
601 2063 690 2130 intra
716 2063 869 2157 Europae
889 2065 1013 2136 limites
1035 2091 1069 2134 se
1084 2083 1279 2136 contentum
1295 2067 1454 2136 videntur
1470 2089 1578 2150 artua,
1595 2065 1650 2132 sed
1668 2063 1743 2130 Asia
1760 2063 1830 2154 ipsa

163 2168 195 2222 et
221 2154 349 2234 Africo,
376 2153 445 2218 imo
469 2165 503 2221 et
537 2152 689 2220 Amasim
721 2152 801 2222 belli
831 2154 997 2226 theutrum
1028 2156 1216 2227 exhibitura
1248 2159 1427 2239 ridentur,
1455 2167 1627 2260 postquam
1651 2152 1761 2221 Caroli
1787 2152 1832 2218 11.

162 2245 400 2337 Hispaniarum
426 2243 511 2340 regis
534 2265 619 2311 mors
645 2241 774 2337 ubique
796 2257 960 2314 terrarum
985 2247 1170 2340 provincias
1192 2248 1346 2339 reliquit,
1377 2268 1441 2312 non
1473 2243 1617 2310 familiae
1646 2243 1833 2310 herciscun-

161 2337 223 2402 dae
245 2333 374 2427 judicio
396 2329 603 2400 dividendas:
627 2334 772 2420 etenim,
795 2358 872 2403 eum
896 2335 974 2404 haec
997 2339 1063 2430 jem
1087 2351 1165 2407 ants
1188 2341 1262 2430 ejus
1284 2348 1421 2404 mortem
1448 2334 1563 2402 inritis
1579 2355 1657 2400 sene
1680 2332 1830 2424 legibus,

161 2425 288 2518 quibus
311 2423 376 2492 huc
401 2445 508 2516 usque
531 2421 686 2514 Europae
708 2447 800 2517 reges
847 2423 1060 2519 sincipeeque
1084 2428 1156 2512 usi,
1179 2429 1262 2495 lacte
1286 2439 1391 2512 esset,
1417 2445 1483 2491 oon
1506 2423 1623 2491 litibus
1647 2421 1833 2514 sopiendis,

162 2515 219 2582 sed
244 2513 428 2582 excitandis
449 2525 526 2606 apta
549 2511 622 2580 tuit.
647 2512 693 2582 Et
715 2514 782 2604 jam
806 2447 934 2609 uirique
957 2515 1103 2584 locorum
1125 2543 1215 2587 arma
1238 2518 1338 2585 armis
1361 2515 1442 2584 adeo
1456 2527 1685 2606 opponuntur,
1702 2522 1830 2579 uttan-

165 2619 232 2672 tem
257 2603 419 2672 bellorum
444 2605 639 2696 palaestram
662 2605 732 2672 sive
755 2603 797 2673 ed
821 2628 909 2672 ormo
934 2613 1232 2700 praeparationem,
1256 2607 1335 2674 dum
1356 2606 1526 2674 classicum
1542 2602 1666 2696 ubique
1681 2601 1832 2686 canitur,

41 2701 43 2710 ’
162 2696 258 2764 nulia
280 2717 429 2786 unquam
452 2708 540 2762 aetas
564 2691 701 2760 viderit.
726 2695 889 2764 Omnium
913 2719 991 2766 reto
1014 2703 1051 2764 itt
1074 2697 1136 2764 hoc
1161 2698 1333 2789 praecipua
1355 2709 1405 2764 est
1428 2719 1522 2775 cura,
1545 2706 1584 2762 ut
1607 2692 1746 2759 militem
1765 2714 1833 2758 non

162 2799 294 2854 tautum
313 2784 543 2863 conscribant,
565 2782 623 2850 sed
646 2797 679 2850 et
702 2783 745 2852 de
768 2784 827 2852 iilo
849 2789 1064 2856 sustentando
1086 2788 1204 2856 soliciti
1228 2789 1306 2856 siut.
1334 2785 1416 2855 itlihi
1440 2785 1500 2851 hoc
1524 2783 1723 2850 occasionem
1740 2805 1834 2874 prae·

164 2877 239 2944 buit
263 2874 481 2966 inquirendi,
504 2898 592 2966 quae
615 2874 783 2960 quondam
799 2877 951 2944 'romanis
975 2877 1103 2969 legibus
1126 2875 1440 2950 ratiosustentondi
1465 2871 1624 2953 militem,
1646 2887 1713 2942 tam
1730 2876 1766 2940 in
1782 2897 1833 2940 ca·

163 2970 258 3042 stris,
281 2988 381 3056 quam
406 2963 567 3055 hybernis
587 2962 704 3052 suerit,
729 2988 795 3032 nou
820 2979 858 3032 ut
880 2966 1029 3034 docerem
1053 2967 1230 3036 hodiernos
1255 2969 1394 3034 miiitiae
1416 2965 1538 3041 duces,
1566 2963 1650 3053 quid
1684 2964 1762 3050 ipsis
1785 2961 1833 3028 sa-

163 3056 321 3124 cieodum
343 3055 407 3134 sit,
431 3055 554 3160 quibus
577 3075 672 3142 saepe
701 3057 895 3124 ominosum
917 3056 1002 3126 iilud
1025 3057 1229 3126 vocabulum·
1244 3060 1365 3126 'raison
1390 3052 1433 3120 de
1460 3073 1584 3149 guerre
1608 3058 1734 3143 justum
1759 3052 1834 3121 red·

163 3147 233 3226 dit,
256 3143 343 3236 qood
369 3145 513 3235 justitiae
536 3145 687 3233 alioquin
713 3146 765 3210 ris
790 3147 986 3235 quadraret3
1010 3147 1068 3215 sed
1092 3165 1130 3215 ut
1150 3147 1373 3229 ostenderem,
1404 3145 1534 3213 latitare
1561 3144 1660 3210 etiam
1693 3143 1730 3209 io
1760 3146 1836 3235 jure

164 3249 276 3302 nostro
300 3236 446 3301 remedia
471 3235 608 3300 miiitiae
632 3235 676 3298 ita
702 3235 916 3325 providendi,
941 3251 977 3306 ut
1002 3237 1229 3306 functionibus
1251 3235 1395 3331 publicis
1417 3231 1605 3300 subeundis
1628 3231 1683 3297 iila
1702 3256 1761 3322 per
1776 3233 1831 3300 sit.

163 3327 377 3394 Occasionem
400 3326 503 3416 hujus
527 3325 574 3390 rei
598 3323 800 3394 commodam
825 3345 939 3396 nactus
961 3351 1033 3396 sum
1058 3328 1093 3394 itt
1126 3328 1265 3422 collegio
1291 3325 1333 3393 ad
1362 3323 1507 3392 codicem
1537 3324 1579 3387 ab
1606 3319 1742 3390 illustri
1761 3320 1834 3390 'dm

164 3415 337 3484 Procride
362 3415 534 3506 praeterita
559 3415 675 3506 hyeme
699 3412 833 3503 habito,
858 3417 937 3504 obi,
961 3443 1038 3484 cum
1062 3418 1160 3510 vulgo
1181 3433 1248 3486 tres
1264 3416 1340 3484 libri
1359 3415 1551 3505 posteriores
1568 3424 1735 3504 tamquam
1753 3415 1834 3480 ino-

164 3508 236 3576 ¹5¹⁰⁸
264 3506 385 3599 negligi
415 3506 556 3584 mitani,
585 3505 672 3572 roris
697 3516 807 3574 tamen
831 3520 1065 3591 occurrerunt,
1099 3531 1188 3598 quae
1211 3507 1307 3575 saluti
1338 3504 1489 3598 publicae
1520 3503 1778 3592 promovendae,
1806 3505 1833 3570 si
1911 3506 1915 3512 ’

162 3596 441 3681 observarentur3
463 3617 531 3663 uon
554 3593 626 3664 leve
651 3595 784 3683 poodtu
807 3595 942 3666 allsttisa
968 3602 1047 3666 sint.
1072 3597 1196 3665 Eritis
1221 3596 1389 3666 materiam
1415 3593 1456 3660 de
1480 3591 1670 3682 provisione
1696 3593 1834 3661 militari

40 3727 41 3730 =
164 3687 329 3778 praesenti
354 3710 465 3755 rerum
488 3698 573 3752 statu
592 3697 697 3752 motus
713 3685 833 3778 selegi,
860 3688 969 3777 paucis
992 3689 1291 3770 demonstraturus,
1316 3694 1471 3778 quautam
1490 3686 1562 3774 ejus
1576 3701 1688 3748 curam
1708 3683 1834 3751 habue-

162 3777 238 3884 rint·
253 3775 362 3868 legum
387 3791 571 3845 nostrarum
595 3775 942 3844 sanationessltastam
968 3801 1046 3846 vero
1067 3777 1129 3845 hoc
1152 3781 1289 3847 strictim
1314 3789 1461 3855 tantum,
1485 3783 1648 3866 questum
1673 3795 1733 3862 pro
1755 3795 1834 3863 spe·

40 3875 41 3878 ’
162 3867 284 3936 simine
306 3867 492 3934 academico
513 3863 661 3934 sufficere
727 3866 793 3934 ssit.
819 3866 909 3934 Deus
934 3869 1018 3959 pacis
1040 3880 1152 3936 auctor
1176 3893 1263 3936 arma
1287 3876 1454 3934 convertat
1477 3863 1514 3930 in
1538 3875 1642 3930 aratra
1667 3873 1701 3930 et
1725 3861 1833 3932 ltestas

163 3957 200 4023 in
225 3957 337 4041 laicos,
359 3979 430 4050 quo
455 3981 516 4048 pes
541 3955 651 4024 sedeat
733 3977 830 4048 ropee
853 3973 919 4026 tem
942 3960 978 4026 in
1003 3960 1135 4026 ecclesia
1157 3983 1259 4051 quesn
1285 3955 1411 4048 politia.

833 4181 1079 4254 CAPUT
1129 4187 1161 4253 t.

624 4383 697 4468 ‚De
719 4385 922 4455 necessitate
941 4381 1145 4476 provisionis
1165 4387 1205 4450 in
1228 4405 1366 4475 genero.

398 4623 419 4674 8
440 4625 467 4678 U
484 4625 518 4677 H
532 4624 568 4678 dl
584 4623 611 4675 A
629 4623 749 4676 1111·
1024 4619 1073 4675 Ad
1082 4620 1204 4675 rationes
1215 4619 1366 4674 reddendos
1377 4619 1574 4692 obligolotttur.
1587 4617 1611 4691 5
1624 4621 1649 4673 9.

1023 4701 1160 4773 l'roesecti
1171 4703 1266 4758 delent
1278 4703 1414 4759 abstinere
1431 4725 1449 4759 o
1463 4703 1622 4758 commercio
1643 4719 1703 4756 oum
1720 4705 1841 4774 prosim

155 4789 314 4859 Respublica
327 4789 389 4845 delli
400 4789 513 4862 ripaeis
528 4801 647 4858 tempore
661 4792 800 4860 sistittscloh
811 4805 868 4846 em
884 4789 970 4846 (ledet.
1057 4791 1177 4844 cialibus.
1190 4797 1211 4853 §-
1225 4790 1270 4842 1⁰.

190 4878 214 4943 ς.
236 4881 260 4929 i.
570 4904 573 4914 ·
1022 4873 1102 4928 lusto
1115 4885 1236 4942 ternpore
1247 4871 1399 4928 distributio
1408 4870 1481 4943 fieri
1497 4869 1582 4924 delet.
1603 4867 1760 4927 Adserotio
1781 4893 1840 4930 eoo

155 4959 198 5012 Be
217 4971 311 5017 uetere
332 4961 446 5016 militiae
470 4975 603 5015 romanoe
626 4968 700 5012 stote
717 4955 854 5011 remissius
872 4957 970 5026 epistt.
1055 4958 1228 5036 persistitur·
1241 4965 1263 5021 ς.
1278 4961 1322 5009 11.

189 5053 213 5108 t.
232 5046 257 5100 2
396 5093 399 5098 .
436 5107 442 5116 ,
1023 5041 1094 5094 cura
1107 5039 1182 5093 debet
1192 5037 1267 5110 geri,
1278 5037 1460 5108 uefrrsmersto
1472 5046 1689 5109 corrumpentur.
1702 5037 1749 5094 Lis
1762 5041 1838 5097 iuter

156 5129 231 5200 Quid
238 5131 272 5184 sit
279 5130 425 5200 prouiss‘o?
436 5127 460 5202 5.
474 5131 499 5182 3.
1058 5123 1168 5176 militem
1182 5134 1208 5177 et
1219 5122 1372 5178 uctrrerium
1386 5119 1540 5174 desidendo.
1554 5117 1577 5193 5
1591 5120 1634 5175 ts.

48 5239 52 5252 ·
154 5213 261 5285 Diffirt
272 5234 291 5268 o
302 5217 395 5282 sopito
408 5227 434 5268 et
444 5213 632 5268 collectariam
647 5209 766 5266 udisset
779 5216 802 5272 ς.
814 5208 844 5264 l.
1023 5205 1173 5277 Prtuttegta
1181 5203 1390 5278 praefectorum.
1403 5211 1424 5268 t.
1437 5205 1480 5258 tt.

158 5301 311 5371 pmppff
322 5299 357 5354 ,p
367 5297 496 5370 mmm
507 5300 530 5365 §-
543 5298 569 5350 5,
1002 5343 1003 5346 ,
1027 5289 1143 5360 Quinem
1156 5289 1284 5359 coufirre
1297 5287 1394 5342 debent
1404 5272 1445 5343 orl
1451 5289 1656 5356 provisionem?
1671 5291 1793 5347 Vossolli
1807 5293 1839 5350 irs

154 5385 305 5440 Naurum
315 5383 490 5450 provisionis.
505 5383 527 5448 5
541 5382 572 5434 dt
1057 5373 1180 5428 &roseio
1193 5371 1304 5427 servitio
1317 5373 1448 5429 redimere
1454 5387 1576 5444 possunt.
1590 5383 1611 5439 ς.
1625 5377 1667 5431 tt.

158 5472 277 5540 Quinem
292 5468 368 5538 opud
382 5471 526 5522 Bostrenos
547 5461 706 5534 provisioni
720 5456 851 5530 praefecti
863 5457 973 5528 fisrre?
1023 5456 1161 5511 Forenses
1173 5475 1278 5530 quoque
1288 5458 1408 5512 obnoxii
1416 5471 1480 5514 suut
1495 5461 1655 5526 provisioni.
1668 5462 1837 5533 Rescriptum

187 5549 214 5625 ς
234 5555 260 5606 7,
1002 5587 1003 5592 ,
1056 5541 1458 5609 prs'rscipisstorslilerot.§.18.

157 5633 459 5710 Profictijurumersto
472 5633 720 5714 olstriugeloutur.
732 5639 755 5695 ς.
766 5631 796 5684 8.
1027 5625 1098 5695 Quid
1106 5624 1180 5680 cirea
1192 5625 1304 5681 ciert'cos
1315 5624 1493 5695 obtineatis
1508 5627 1549 5680 id.
