4382 6222
898 302 1445 368 DtSPUTthOXXVlll.
1895 299 1953 354 681

382 319 437 378 011

328 419 424 477 sirium
438 431 464 476 et
478 419 589 478 roboris,
603 411 788 478 elfiesoiusque
803 402 904 475 obliger
915 443 924 471 ,
937 421 1015 476 quem
1033 403 1139 458 unirer·
1196 406 1279 472 beili,
1293 422 1347 459 non
1361 414 1461 458 tsu'nrn
1474 400 1507 456 ed
1519 373 1703 468 srpnrnsntisns
1721 394 1846 452 desiderii
1852 403 1881 450 et
1895 398 2016 452 roim

328 507 391 560 „153
412 501 577 558 affirmatus,
598 491 741 560 Tirsquell.
760 490 812 544 loo.
831 489 911 559 alleg.
933 487 1057 542 Sicbsrd.
1073 486 1103 540 in
1120 486 1140 539 1.
1192 489 1227 542 tis
1240 490 1323 560 ipsius
1335 487 1469 542 testeturis
1486 487 1556 538 circs
1570 482 1654 552 surgis
1672 481 1853 534 booombiiem
1873 495 2011 536 ms·

325 585 354 632 rr·
368 581 469 634 tiberis.
488 581 531 632 18.
550 594 577 628 ιι.
596 577 621 626 3.
640 591 663 626 e.
680 574 713 626 de
724 572 788 625 don.
807 581 865 626 ont.
884 579 961 636 nupt.
981 567 1098 637 liuding.
1112 569 1140 622 d·
1192 575 1290 626 tionem
1302 573 1463 625 bonorumet
1477 569 1593 621 lumilise
1604 565 1754 635 opponitur,
1765 563 1841 616 eurr.
1852 565 1915 615 Juu.
1927 578 2010 617 noers

324 661 382 714 ods.
403 663 445 712 17.
464 671 491 712 ιιι
502 660 542 712 sic
556 658 628 710 dicte
641 654 774 708 elsosulss
787 654 863 708 nulio
877 653 969 713 modo,
983 651 1074 706 bebest
1085 651 1138 703 rim
1192 656 1254 708 111,
1272 675 1298 708 η,
1316 656 1356 707 stt.
1373 653 1418 706 ml
1432 653 1511 706 ssim
1525 651 1656 718 ejusmodi
1670 649 1766 711 mbis,
1779 647 1937 702 pumicem
1948 647 2013 718 des.

325 743 524 803 ennullstlrsm,
542 751 569 793 et
582 739 705 806 importet
721 739 806 807 ipssm
819 736 1039 798 annullationem,
1052 733 1139 790 llimi·
1191 757 1311 793 oammm
1326 739 1446 801 filethus,
1464 739 1554 790 omnis
1566 733 1663 786 dirisio
1678 743 1704 786 et
1726 731 1850 784 slienetio
1876 731 2012 798 prohibitu

326 823 396 876 nsld.
408 840 484 878 cons.
503 825 563 874 171.
582 839 608 874 n.
627 824 653 874 6.
673 820 900 874 blandimentis.
919 820 966 872 st.
987 837 1016 872 ιι.
1035 818 1060 870 0.
1079 816 1140 872 eu·
1189 834 1319 884 censetur,
1331 819 1556 894 Gotbrosnn.⁴ool.
1568 819 1592 870 5.
1605 833 1673 880 resp.
1687 816 1713 868 3.
1726 833 1755 868 ιι.
1779 814 1823 867 15.
1847 824 1874 867 et
1890 832 1957 883 resp.
1975 814 2005 866 1.

326 915 389 960 rett.
400 915 465 958 tons.
481 908 506 956 1.
523 919 597 958 cous.
616 903 678 956 105.
702 921 731 954 ιι.
745 905 770 955 3.
786 905 891 958 Veritss
915 901 1090 955 assertionum
1109 915 1144 953 ex
1192 927 1220 959 n.
1241 909 1302 961 110.
1318 907 1375 959 lmo
1388 916 1459 958 recte
1471 905 1564 956 stetuit
1584 900 1681 954 tttoct.
1698 909 1765 952 torn.
1786 901 1811 952 1.
1836 915 1913 952 eom.
1930 899 1955 950 7.
1981 917 2015 951 ι.

327 1000 416 1042 netues
431 990 468 1042 rei
482 989 651 1058 ipsorumque
663 986 846 1040 mesbulorum
863 987 925 1040 setis
938 985 1007 1038 elsre
1025 995 1141 1052 sppsret,
1192 991 1254 1042 708.
1267 1000 1294 1043 et
1305 989 1368 1042 816.
1380 986 1450 1058 quod
1467 1003 1515 1057 per
1527 987 1571 1038 ille
1590 983 1679 1037 rerbss
1694 993 1867 1036 unoenrennt
1890 983 1932 1034 sel
1957 999 2012 1036 se-

326 1071 466 1125 osteuduut
485 1077 556 1127 euim
578 1072 623 1123 itis
641 1071 746 1122 euixsus
767 1069 902 1125 testatoris
920 1070 1087 1136 rolnutstem,
1098 1069 1141 1122 eni
1191 1075 1326 1135 certiciit,
1340 1075 1426 1141 ipsum
1442 1074 1485 1139 jus
1496 1067 1717 1139 primogenitores
1729 1067 1800 1120 inter
1822 1063 2013 1118 descendentes

326 1156 507 1209 oootrsreuire
520 1153 592 1208 ucles
606 1156 703 1208 nsesito
718 1154 837 1207 babetur.
1194 1157 1326 1212 teststoris
1338 1155 1485 1208 necessario
1503 1154 1695 1207 introducetur.
1711 1150 1831 1222 qusmris
1849 1149 2010 1219 primogeni-

362 1241 385 1304 ς.
404 1241 449 1289 11.
476 1239 598 1291 Tscitum
624 1255 702 1306 porro
727 1232 965 1290 fideicommissum
992 1233 1142 1299 inducitur,
1195 1250 1266 1293 surse
1285 1241 1312 1291 io
1332 1238 1420 1305 specie
1436 1253 1560 1306 expresse
1579 1235 1681 1290 mentio
1704 1253 1758 1290 non
1784 1230 1848 1296 list,
1865 1249 1924 1286 oste
1941 1233 2010 1286 eitra

327 1317 431 1392 quando
448 1317 591 1389 disponens
611 1321 769 1374 mentionem
789 1319 852 1373 lecit
869 1318 902 1372 de
920 1319 984 1372 solis
1007 1320 1143 1384 mesculis,
1198 1321 1316 1376 esmdem
1338 1329 1447 1374 testetur
1464 1335 1572 1388 scopum
1591 1335 1666 1371 suum
1685 1317 1803 1370 obtinere
1819 1315 1932 1368 minime
1948 1333 2007 1385 pos·

327 1405 368 1454 rel
386 1402 453 1454 lines
473 1403 626 1469 musculiue,
635 1404 759 1474 quonism
773 1421 803 1456 eo
816 1419 876 1456 orsu
889 1401 1028 1473 dispositio
1039 1402 1071 1455 sd
1083 1418 1143 1456 cure
1194 1405 1236 1458 sit.
1256 1401 1331 1474 Quod
1351 1403 1374 1454 si
1394 1417 1457 1455 reru
1467 1401 1510 1451 ills
1524 1400 1644 1460 clausule,
1658 1409 1739 1470 prout
1752 1415 1821 1452 nnnc
1833 1397 1912 1452 modo
1922 1409 2015 1454 osten·

328 1482 409 1537 linem
430 1484 496 1536 iscis
515 1489 702 1554 praesumitur,
720 1497 747 1541 ut
764 1485 933 1557 prouidentur
951 1493 977 1538 et
994 1485 1143 1540 consuletur
1195 1487 1292 1550 dimise,
1311 1484 1467 1552 diuisionem
1489 1481 1616 1536 bonorum
1637 1483 1769 1537 interese
1787 1483 1860 1551 ipsse
1885 1499 2012 1552 mones

327 1567 445 1619 familiae
463 1577 487 1620 et
506 1569 653 1636 sgustioni,
672 1579 698 1619 et
717 1580 747 1622 ut
765 1571 830 1624 boos
851 1585 897 1638 per
915 1569 1067 1622 continuem
1086 1584 1145 1621 sne·
1196 1569 1337 1640 probibet,
1355 1585 1420 1638 quse
1439 1575 1526 1620 temen
1544 1567 1660 1636 ejusdem
1678 1566 1786 1621 omuino
1800 1564 1914 1620 lumilise
1926 1579 2016 1618 etms-

326 1651 472 1702 eessionem
492 1651 520 1701 iu
539 1650 608 1702 lines
629 1651 771 1703 mercutius
789 1663 816 1703 et
835 1651 974 1720 spnstloue
991 1667 1145 1704 conseruen·
1196 1657 1264 1709 sculi
1283 1655 1362 1708 etism
1382 1661 1456 1704 sunt:
1476 1660 1572 1717 qissnto
1590 1651 1672 1718 sergis
1691 1651 1885 1705 treuslstionem
1907 1651 1935 1704 iu
1953 1667 2015 1718 per-

327 1741 381 1797 tus,
400 1743 424 1787 et
442 1730 572 1786 ioemiuse
589 1732 767 1797 excluduntur,
786 1753 810 1788 ι.
828 1753 852 1804 g·
872 1737 893 1787 si
908 1735 1008 1787 dixerit
1025 1746 1143 1802 testator,
1197 1755 1272 1792 soors
1291 1741 1366 1807 plene
1393 1747 1528 1788 extrsssess
1552 1733 1718 1804 prohibebit,
1735 1751 1794 1786 curn
1819 1733 1889 1786 intes
1906 1736 2017 1800 conjun-

326 1815 396 1888 quud
414 1817 480 1868 boue
500 1815 598 1868 deserti
617 1817 731 1874 debesut
750 1819 809 1870 dens
829 1817 1035 1888 erstgedodrneu
1051 1818 1143 1881 Solen,
1196 1829 1250 1873 otss
1275 1835 1334 1888 spes
1358 1820 1443 1890 slique
1465 1817 1550 1880 edsit,
1575 1833 1627 1884 qno
1654 1825 1712 1886 post
1737 1816 1894 1869 divisionem
1921 1813 2014 1866 leetssn

327 1903 377 1954 sier
392 1900 466 1952 eines
476 1899 682 1969 Lednssuedig,
696 1901 767 1954 esocis
782 1901 904 1954 Adleden
916 1899 1054 1953 desselben
1068 1902 1144 1954 αὖοι·-
1197 1904 1266 1974 (ubi
1286 1905 1387 1956 scilicet
1408 1904 1452 1954 ills
1470 1903 1596 1971 permisce
1616 1910 1656 1952 cst
1670 1901 1682 1971 )
1700 1901 1768 1952 bone
1787 1899 1876 1951 listuro
1896 1908 2013 1968 tempore

328 1985 416 2037 modis
433 1985 492 2037 dem
513 1986 740 2056 erstgebolsrnen,
757 1986 814 2038 und
836 1985 894 2036 olto
920 1983 1076 2053 immepscrt
1094 2002 1146 2038 oon
1196 2007 1244 2060 per
1262 1991 1367 2041 modium
1386 1986 1557 2042 successionis
1571 1989 1668 2038 iterum
1681 1987 2018 2055 eostesccrcqucsocqoa-

327 2069 468 2122 Ericusa
484 2067 582 2131 Erbers,
602 2067 647 2120 ubi
667 2085 724 2118 cum
745 2064 951 2120 fideicommisso
970 2067 1088 2124 ismilise
1106 2070 1146 2134 jus
1198 2073 1232 2126 lis
1251 2090 1311 2141 spes
1336 2081 1440 2133 temes,
1467 2070 1489 2122 si
1508 2079 1648 2122 estrsueus
1673 2079 1771 2136 portem
1789 2069 1918 2120 mnorusn
1936 2067 1969 2120 erl
1989 2084 2018 2120 se

328 2149 551 2222 primogeniturae
569 2150 738 2214 conjunctum
751 2159 796 2212 est,
808 2168 831 2202 ι.
843 2148 1145 2218 Fusus-defideicomns.
1198 2155 1347 2225 pects-ubit,
1367 2157 1439 2207 nullo
1458 2154 1536 2206 modo
1554 2151 1660 2205 iundsts
1681 2163 1730 2214 est,
1750 2170 1773 2204 ι.
1791 2150 1922 2204 Goeudiu.
1939 2166 2015 2204 eone.

327 2234 430 2290 substit.
449 2253 493 2304 qu.
513 2233 572 2288 316.
590 2252 616 2287 n.
637 2234 663 2285 3.
680 2249 750 2301 seqq.
771 2235 897 2301 Quemvis
916 2249 978 2288 sero
997 2241 1104 2288 testetur
1117 2233 1146 2284 in
1199 2241 1243 2292 82.
1262 2259 1290 2291 n.
1310 2242 1336 2290 11.
1354 2239 1435 2292 Rutu.
1453 2242 1483 2292 1η
1502 2238 1520 2289 l.
1539 2239 1591 2290 troc
1608 2235 1897 2298 ,dioecesanorum
1912 2236 2016 2288 ιι.100.

330 2319 549 2387 subsequentibus
581 2317 812 2371 substitutionibus
838 2317 1074 2380 descendentium,
1108 2317 1148 2369 sel
1190 2313 1672 2397 ffidenoo.opennuucfliissesrd.
1691 2320 1936 2391 depredabconcl.
1955 2321 2017 2372 Ι116.

328 2403 472 2456 bseredum
491 2403 663 2470 simpliciter,
690 2419 713 2452 ι.
738 2419 761 2470 p.
781 2420 834 2456 oon
857 2403 949 2456 Erden
976 2421 1009 2459 su
1034 2403 1146 2464 Erico,
1199 2397 1691 2473 ...11.Καίριςὴ111.οαρ,’δ.ιη.111.

329 2487 425 2554 sbsque
448 2485 594 2550 sdjcctiune
620 2484 737 2556 roosbuli
764 2485 961 2548 mssculcsurn,
987 2488 1147 2540 mentionem
1233 2487 1259 2561 5.
1278 2489 1322 2542 tt.
1342 2489 1400 2542 sot·
1420 2489 1499 2541 etism
1519 2487 1636 2542 soluntss
1656 2486 1802 2550 testetoris,
1826 2495 1856 2539 ui
1880 2485 1947 2540 bone
1973 2503 2019 2540 sne

331 2567 431 2634 iecerit,
450 2569 626 2621 nibilominus
648 2578 734 2622 temen
755 2568 961 2622 masculiuitstis
978 2570 1091 2639 qualiter
1104 2585 1146 2622 re·
1200 2581 1387 2625 ocuscreeutur
1406 2573 1433 2622 in
1453 2570 1569 2632 semilis,
1594 2571 1633 2622 rel
1652 2571 1679 2622 in
1697 2570 1927 2634 descendentibus,
1945 2571 2019 2623 ebso·

330 2649 415 2722 petitu
436 2663 573 2717 censetur,
599 2649 677 2704 modo
696 2658 806 2704 testetur
826 2650 854 2702 in
874 2651 959 2721 prime
978 2651 1150 2704 institutione
1201 2655 1281 2708 lutum
1302 2651 1538 2706 fideicommissum
1559 2652 1671 2718 inducit,
1688 2655 1807 2723 quemuis
1827 2663 1932 2708 testetur
1944 2657 2019 2709 cleu·

331 2739 363 2791 sd
384 2737 575 2792 circumsionem
595 2753 669 2790 susm
687 2733 759 2791 lilius
778 2747 805 2790 et
822 2736 1009 2792 descendentes
1021 2739 1150 2792 mssculus
1202 2739 1283 2791 sulem
1297 2739 1426 2808 sliqusm,
1441 2738 1648 2806 prohibitionem
1663 2739 1827 2792 elienstiouis
1838 2738 2022 2803 inrolsentesn,

331 2823 467 2885 sucorerit,
486 2821 587 2873 Melius
607 2819 639 2874 de
657 2821 773 2890 Hispan.
785 2819 936 2891 primogcn.
956 2823 975 2874 1.
994 2823 1020 2872 3.
1037 2839 1061 2874 c.
1080 2822 1105 2874 5.
1121 2839 1150 2874 ιι.
1201 2820 1369 2890 dispositioni
1390 2838 1450 2874 snse
1468 2837 1520 2872 nou
1534 2821 1687 2883 inseruerit,
1705 2837 1738 2874 es
1757 2823 1858 2876 ratione
1873 2821 2021 2886 menitests,

332 2906 376 2956 56.
396 2903 546 2956 Burtul.nd
563 2901 648 2972 lfin.
658 2901 698 2972 ff.
715 2901 752 2954 nsi
767 2914 852 2955 sctum
872 2905 972 2958 trebell.
991 2903 1114 2958 lileuorb.
1133 2905 1151 2958 1.
1202 2908 1343 2976 quonism,
1363 2908 1386 2960 si
1407 2906 1596 2960 successoribus
1614 2907 1647 2958 sle
1674 2905 1751 2960 bonis
1770 2907 1798 2958 in
1824 2923 1867 2960 ess
1891 2906 2022 2960 derulotis

334 2989 358 3042 1.
376 2996 544 3056 praesumpt.
562 2986 607 3038 81.
627 3005 655 3038 ιι.
675 2987 698 3039 5.
719 2985 804 3038 Verbs
821 2985 894 3040 enim
913 2987 1100 3056 dispositionis
1117 3003 1151 3039 cx
1202 3007 1252 3060 pru
1271 2989 1355 3043 lubitu
1374 2989 1516 3057 disponere
1536 2989 1636 3052 liceret,
1655 2986 1819 3042 consecratio
1838 2989 1965 3041 bunmmn
1993 2989 2023 3042 in

334 3070 550 3142 praecedentibus
569 3077 631 3120 suut
659 3067 812 3122 declsrsnds
839 3083 864 3124 et
889 3070 1105 3140 interpretenda,
1127 3083 1152 3126 et
1204 3071 1306 3124 ismiiis
1324 3071 1439 3125 obtineri
1459 3088 1510 3124 oon
1529 3083 1625 3140 posset,
1643 3091 1666 3124 ι.
1682 3069 1782 3124 llesold.
1793 3087 1821 3142 p.
1833 3073 1857 3125 5.
1869 3088 1944 3124 eosss.
1957 3073 2021 3124 22¹.

334 3154 479 3224 disponens
498 3155 552 3218 ejus
573 3149 653 3204 luisse
671 3153 851 3220 praesumitur
872 3155 967 3206 mentis
981 3172 1010 3206 sc
1034 3155 1152 3208 solunte·
1206 3177 1234 3212 ιι.
1254 3157 1422 3210 11111111.
1441 3165 1565 3208 controv.
1581 3155 1636 3224 jur.
1654 3154 1671 3206 1.
1693 3155 1717 3207 1.
1734 3171 1758 3206 c.
1775 3152 1818 3205 10.
1837 3153 1973 3208 Boresti.
1992 3155 2018 3205 2

335 3239 379 3296 tis,
399 3240 473 3302 cujus
492 3234 524 3286 sb
544 3235 619 3287 initio
639 3235 667 3285 iu
689 3235 856 3290 institutione
875 3236 957 3290 inisse
976 3236 1152 3308 deprehendi·
1203 3259 1278 3295 cons.
1299 3241 1359 3291 tut.
1391 3259 1418 3292 n.
1437 3239 1482 3291 28.
1499 3249 1526 3292 et
1543 3239 1589 3291 tit.
1609 3239 1635 3290 3.
1653 3255 1728 3290 cons.
1747 3238 1808 3290 stt.
1828 3257 1855 3292 n.
1874 3239 1918 3290 11.
1949 3255 2022 3309 sopp.

336 3330 389 3386 tur,
409 3318 574 3390 Kuipscbdt.
594 3315 806 3387 defides‘comm.
827 3321 898 3386 som.
917 3337 972 3384 cup.
991 3321 1017 3370 6.
1036 3338 1063 3372 ιι.
1091 3323 1153 3374 113.
1205 3324 1389 3377 Kellenbents..
1408 3322 1440 3376 sie
1460 3325 1607 3376 renuncsirt.
1626 3340 1651 3391 p.
1671 3321 1715 3373 81.
1734 3341 1764 3374 ιι.
1782 3322 1826 3372 13.
1842 3321 1882 3372 db
1900 3339 1951 3376 nno
1963 3339 2025 3376 απ

336 3401 436 3455 Bortul·
457 3400 495 3456 ud
511 3405 536 3456 d.
555 3403 573 3451 1,
582 3397 640 3471 fin.
658 3401 695 3454 nd
709 3416 747 3454 sc.
765 3401 866 3455 trebeli.
891 3420 919 3454 u.
943 3403 968 3453 2.
995 3402 1070 3470 lmo,
1093 3421 1154 3474 quo·
1205 3422 1266 3476 ergo
1284 3407 1316 3457 sd
1334 3408 1455 3466 slterum,
1469 3405 1495 3456 1ι1
1515 3415 1564 3468 est,
1583 3423 1597 3456 s
1614 3404 1798 3474 prohibitione
1810 3404 1977 3458 elisuetionis
1989 3408 2023 3462 sd

337 3490 499 3558 tieseumque
518 3503 550 3537 ex
569 3496 660 3537 ustum
678 3485 718 3536 rei
739 3485 788 3536 suli
801 3485 907 3536 musculi
918 3522 925 3548 ,
936 3502 988 3538 non
1001 3496 1087 3539 sutem
1101 3485 1154 3538 ioe-
1206 3491 1430 3542 conserrstionem
1448 3487 1476 3538 in
1497 3486 1607 3548 ismilis,
1626 3498 1652 3540 et
1666 3487 1783 3539 uicissim
1797 3507 1811 3540 s
1825 3489 2024 3544 muserrstione

339 3573 427 3624 minse
446 3572 475 3622 in
494 3585 523 3621 re
541 3568 602 3632 illu,
622 3567 722 3635 deque
741 3575 850 3618 testetur
870 3567 1018 3636 disposuit,
1037 3569 1154 3620 succede·
1206 3571 1336 3622 bonorum
1357 3571 1384 3622 in
1402 3567 1502 3623 seruilis
1522 3570 1554 3622 sd
1574 3569 1782 3638 prohibitionem
1794 3570 1964 3624 elienstiouis
1978 3571 2026 3626 iir-

338 3665 412 3717 reut,
432 3653 511 3706 ueluti
530 3651 558 3702 iu
578 3650 754 3721 primogenite
773 3647 935 3714 feudalibus,
961 3651 1157 3718 iurisdictione·
1208 3671 1249 3704 ms
1269 3651 1390 3720 procedit
1407 3652 1603 3720 consequentis.
1627 3653 1702 3706 Hinc
1721 3654 1753 3718 tt.
1777 3655 1873 3706 tuton.
1899 3655 1931 3708 de
1949 3655 2027 3712 Perre

336 3737 410 3787 libus
428 3744 454 3788 et
473 3734 660 3802 majoratibus,
683 3742 745 3784 tunc
762 3734 863 3784 erectio
890 3734 918 3784 in
943 3750 1078 3802 perronem
1104 3753 1158 3788 rue·

340 3820 405 3872 sculi
425 3835 473 3887 pro
492 3833 519 3868 se
538 3827 564 3867 et
582 3811 649 3866 litiis
666 3824 690 3866 et
717 3813 938 3866 descendentibus
965 3815 1020 3867 suis
1043 3818 1156 3882 liberis,

339 3910 385 3952 sut
401 3898 529 3969 posteris,
554 3895 716 3964 intelligitur
741 3897 897 3964 simpliciter
915 3897 947 3947 de
966 3899 1104 3964 mosculis,
1131 3910 1158 3954 et

341 3983 391 4034 boc
409 3997 480 4044 essu,
497 3980 559 4049 quis
578 3976 679 4029 direrss
699 3987 739 4030 cst
758 3981 826 4030 rstio
845 3982 1017 4033 musculorum
1029 3982 1158 4036 etioesui-

339 4081 445 4126 nerum,
472 4063 643 4116 masculinum
670 4060 843 4115 foemininum
865 4082 917 4114 uon
940 4067 1158 4135 comprehendit,

343 4147 451 4217 Cephei.
469 4163 544 4198 cons.
565 4145 625 4195 158.
645 4164 674 4194 rs.
691 4146 717 4195 7.
736 4145 879 4215 Tirsqnell.
898 4147 930 4200 de
945 4151 997 4217 jur.
1011 4152 1158 4221 primogcn.

345 4250 390 4300 pu.
410 4232 453 4280 10.
473 4249 500 4281 n.
520 4230 563 4279 16.
580 4229 703 4280 tttenocb.
728 4245 804 4281 cons.
831 4231 890 4282 201.
918 4252 945 4284 n.
971 4236 996 4284 8.
1016 4247 1042 4287 et
1059 4237 1102 4287 29.
1122 4239 1159 4288 tit.

348 4319 442 4369 buton.
463 4315 619 4382 Peregrinus
637 4315 670 4367 de
687 4313 847 4377 fider'comm.
867 4331 918 4372 arr.
938 4321 1026 4371 11η.
1046 4320 1088 4372 16.
1106 4322 1161 4374 Nec

347 4403 453 4463 obstet,
471 4403 534 4452 lieet
551 4419 609 4452 cum
629 4402 757 4468 ejusmodi
780 4401 946 4466 feudalibus,
972 4407 1159 4475 primogeniis,

345 4484 600 4557 jurisdictiuuelibus
618 4494 645 4536 et
664 4487 833 4550 mejurstibus
845 4488 983 4538 commiste
998 4503 1082 4542 essent
1096 4495 1161 4546 bons

344 4571 475 4626 slludisliu
495 4581 521 4622 et
540 4569 746 4638 patrimonioliuc
761 4570 822 4620 bseu
841 4571 912 4620 enirn
933 4571 1069 4622 secessorii
1091 4587 1162 4624 nato-

345 4673 401 4707 rsm
413 4653 534 4716 iuduunt,
549 4661 575 4702 et
593 4668 641 4718 per
661 4667 821 4718 consequeus
835 4652 939 4703 slirerso
956 4656 1012 4720 jure
1027 4671 1079 4704 uon
1102 4673 1161 4706 cess·

347 4749 445 4802 tenttrr,
461 4737 505 4790 sed
520 4735 615 4802 etipse
629 4731 660 4782 sd
672 4733 738 4784 sulus
749 4734 876 4786 musculos
890 4745 1028 4796 trsnseuut,
1039 4738 1160 4790 blenoeb.

347 4821 374 4874 sl.
399 4839 471 4874 cons.
497 4816 558 4869 tot.
585 4835 611 4868 n.
635 4814 678 4866 16.
705 4815 862 4884 Peregrinus
881 4817 904 4870 d.
924 4828 976 4873 art.
995 4819 1038 4871 25.
1063 4841 1090 4874 n.
1118 4823 1160 4876 16.

353 4905 381 4956 t'n
398 4903 454 4972 fin.

383 4984 407 5056 5.
428 4987 472 5037 ¹2.
492 4981 642 5036 probibitio
660 4980 827 5035 slieostionis
845 4994 870 5034 et
894 4983 957 5036 binc
975 4988 1106 5054 profluens
1124 4985 1161 5042 fi·

347 5067 571 5121 deirummisssria
583 5065 722 5136 dispositio
731 5065 913 5120 exiudeetism
927 5070 1069 5138 colligitur,
1083 5090 1162 5140 qtssu·

350 5153 385 5202 do
397 5161 505 5202 testetur
519 5149 754 5214 incommodorum,
768 5165 833 5218 quse
847 5167 879 5203 es
892 5149 1021 5207 diuisione
1033 5167 1056 5207 et
1069 5156 1162 5208 distru-

350 5233 435 5285 ctioue
455 5233 581 5285 bustorum
596 5232 770 5303 utplurimum
783 5233 920 5302 provenire
937 5236 1031 5302 solent,
1054 5241 1163 5294 mentio·

350 5331 411 5367 nem
431 5313 524 5380 injicis,
538 5314 703 5367 deluderem
720 5314 864 5385 subjungit,
877 5317 946 5387 quod
958 5318 1024 5373 bons
1036 5337 1080 5374 sns
1094 5322 1161 5375 iodi-

351 5399 403 5450 siss
423 5413 528 5448 monere
542 5395 661 5461 debeant,
674 5398 705 5448 sd
715 5399 843 5468 ejusmodi
869 5400 1034 5456 incommode
1053 5423 1159 5474 proece-

351 5479 442 5540 seutls,
457 5479 594 5540 Erwotte,
610 5480 672 5532 dass
691 5501 722 5534 zu
748 5483 904 5554 Verltiitung
920 5485 1162 5546 iocbebuedtieter

1208 3740 1237 3790 s'n
1256 3747 1334 3790 truci.
1353 3735 1386 3790 de
1397 3733 1564 3804 fideicomm.
1584 3757 1628 3807 qn.
1647 3739 1673 3790 5.
1692 3756 1719 3790 ιι.
1737 3739 1763 3790 5.
1781 3739 1808 3789 6.
1826 3749 1852 3790 et
1870 3741 1896 3790 ’1.
1910 3756 2023 3808 sequen·

1210 3829 1260 3871 tem
1281 3819 1308 3870 io
1328 3817 1435 3874 modum
1455 3818 1602 3872 bendere
1630 3819 1754 3875 disseritz
1781 3821 1898 3886 scilieet,
1924 3823 2026 3891 qusotlo

1209 3903 1278 3956 dixit
1296 3911 1421 3967 testetur,
1438 3903 1508 3973 quud
1528 3905 1592 3957 relit
1613 3903 1680 3956 bons
1699 3921 1744 3956 sne
1770 3904 1920 3958 consessuri
1939 3905 1968 3957 in
1987 3904 2027 3959 is·

1210 3985 1299 4051 milis,
1319 3986 1358 4039 rel
1377 3987 1443 4040 bons
1462 4001 1506 4040 sus
1529 3997 1657 4054 perpetuu
1675 4003 1829 4057 permanere
1854 3988 1925 4042 intre
1951 3988 2027 4042 irrui·

1211 4067 1273 4118 lium
1291 4083 1379 4131 susm,
1398 4067 1622 4120 considersudnm
1640 4086 1696 4122 esse
1716 4069 1798 4133 dicit,
1827 4069 1896 4139 qnod
1914 4060 1967 4122 non
1991 4071 2029 4123 sit

1211 4148 1373 4214 differentis,
1391 4167 1424 4202 so
1444 4151 1522 4202 etism
1541 4150 1658 4213 dixerit,
1675 4151 1744 4220 quod
1763 4169 1814 4204 noo
1833 4153 1888 4205 cult
1906 4170 1936 4204 es
1954 4153 2028 4206 esire

1212 4232 1244 4284 de
1263 4231 1373 4293 semilis,
1393 4232 1433 4284 rel
1449 4233 1517 4302 quod
1535 4249 1586 4284 uon
1606 4235 1660 4288 sult
1678 4235 1787 4286 slieneri
1801 4244 1875 4286 estre
1888 4232 2027 4298 ismilism,

1212 4317 1274 4368 boec
1292 4315 1364 4368 euim
1383 4319 1586 4385 sequipsrsutur
1605 4326 1632 4369 et
1654 4317 1849 4387 sequipollent,
1868 4315 1956 4368 Souis.
1975 4319 2027 4369 rel

1213 4401 1239 4450 3.
1257 4414 1331 4452 cons.
1350 4399 1393 4451 13.
1413 4417 1440 4452 n.
1458 4400 1484 4451 5.
1501 4399 1530 4452 in
1547 4399 1636 4468 princ.
1657 4399 1729 4452 ldem
1756 4399 1877 4462 obtinet,
1894 4397 1920 4450 si
1937 4399 2027 4468 dispo·

1212 4481 1316 4544 suisset,
1333 4481 1402 4551 qnod
1421 4481 1484 4534 velit
1501 4499 1529 4534 es
1542 4483 1655 4536 trsnsire
1668 4481 1701 4536 de
1713 4482 1826 4536 bserede
1839 4483 1866 4534 io
1880 4479 2028 4542 haeredem.

1212 4581 1258 4616 seu
1277 4565 1310 4618 sle
1327 4565 1482 4618 bseredibus
1502 4565 1530 4614 in
1548 4563 1689 4626 bseredes,
1716 4565 1804 4618 scuto.
1831 4566 1885 4618 ool.
1904 4565 1930 4616 3.
1955 4583 2027 4617 cuns.

1213 4647 1370 4701 bucolt.
1390 4645 1496 4714 Cepbsl.
1522 4665 1592 4701 cons.
1620 4647 1682 4698 101.
1710 4657 1735 4700 et
1753 4665 1828 4700 cons.
1858 4647 1918 4698 110.
1937 4649 2027 4700 socio.

1214 4731 1276 4783 lun.
1294 4731 1346 4784 vol.
1364 4729 1389 4783 8
1408 4746 1482 4783 cons.
1503 4730 1565 4782 188.
1579 4747 1606 4783 n.
1619 4731 1646 4782 6.
1658 4745 1718 4797 sep.
1736 4730 1880 4785 lilustrsrit
1893 4732 1961 4782 benc
1974 4747 2030 4782 rnr-

1215 4816 1306 4868 teriem
1325 4814 1446 4886 pluribus
1460 4815 1589 4884 exemplis
1607 4816 1678 4868 idem
1700 4815 1771 4868 Petrs
1790 4815 1842 4868 loc.
1859 4817 1903 4866 αἰ.
1923 4832 1950 4866 ιι.
1964 4816 1988 4864 7:
2003 4817 2029 4866 e

1213 4899 1240 4952 9.
1256 4916 1326 4968 eeqp.
1343 4915 1410 4967 quse
1427 4899 1495 4968 spud
1514 4897 1602 4967 ipsum
1622 4895 1706 4949 rideri
1720 4905 1845 4965 possunt,
1858 4915 1918 4950 nem
1929 4895 2031 4964 singule

1214 4981 1258 5034 bic
1275 4982 1391 5033 inserere
1408 4979 1491 5032 nimis
1510 4979 1645 5047 prolixum
1664 4975 1740 5030 iuret.
1761 4977 1889 5030 bddimus
1914 4977 1963 5032 boc
1980 4978 2031 5028 sel-

1215 5074 1287 5116 tem:
1305 5061 1352 5132 qui
1370 5062 1424 5114 ruit
1439 5056 1537 5125 finem,
1557 5063 1609 5114 ruit
1628 5059 1706 5115 etism
1725 5058 1820 5122 medis,
1839 5060 1873 5113 ed
1895 5056 1976 5112 licens
1995 5061 2033 5111 il·

1214 5149 1268 5202 lum
1289 5144 1434 5199 tendentis.
1451 5145 1506 5215 Qui
1524 5161 1585 5197 rero
1607 5143 1737 5208 intendit,
1756 5153 1787 5196 ut
1802 5145 1871 5197 bons
1889 5140 2032 5196 inismilis

1213 5237 1405 5289 conserventur,
1423 5228 1479 5294 ejus
1496 5241 1599 5296 qnoque
1611 5225 1722 5279 intentio
1740 5233 1791 5290 cst,
1810 5236 1839 5278 nt
1857 5225 2032 5280 interdicetur

1213 5315 1343 5368 bonorum
1362 5311 1494 5366 slienstio.
1513 5311 1578 5363 Sine
1596 5309 1700 5364 diuitiis
1718 5311 1790 5364 euim
1812 5311 1931 5366 bonestss
1943 5321 1969 5364 et
1987 5310 2032 5364 di·

1215 5397 1301 5468 pnitss
1318 5394 1478 5448 lumilisrum
1496 5409 1548 5444 nou
1565 5404 1742 5448 consecretur.
1753 5395 1883 5451 Voluutss
1898 5395 1979 5462 igitur
1992 5403 2034 5448 te·

1215 5481 1337 5544 staturis,
1355 5479 1400 5548 qui
1418 5477 1451 5530 sd
1469 5476 1589 5530 decorem
1607 5477 1725 5531 lsmilise
1749 5479 1879 5549 respexit,
1898 5489 2031 5548 temqnem

354 5565 518 5631 Zerritttung
531 5563 573 5614 die
586 5563 678 5627 Gitter,
690 5563 867 5628 oderloudc,
879 5569 1033 5621 recurristis
1045 5568 1165 5642 bessam.
1217 5561 1382 5624 isrorsbilis,
1407 5571 1434 5613 et
1454 5560 1584 5630 publicem
1604 5563 1749 5632 respiciens
1774 5563 1929 5624 utilitsteus,
1952 5561 2033 5614 debet

353 5666 411 5702 ssreu
423 5647 547 5718 geleiten
561 5647 663 5702 werden
679 5652 782 5718 inopen.
797 5649 903 5704 Scilicet
921 5655 1037 5718 verbum,
1059 5667 1163 5710 buzen.
1216 5645 1428 5718 iuterptetetiuue
1445 5643 1579 5714 sdjursrl,
1599 5659 1647 5698 nec
1665 5645 1798 5701 subtilitss
1819 5645 1955 5702 sorborum
1974 5646 2032 5710 eius
