4464 6206
366 211 419 264 ³8³

311 308 412 380 possim
434 305 488 360 anis
506 299 757 375 pecuariisiorsitan
777 297 942 366 eielrasniari,
962 307 984 364 ς.
1003 319 1051 355 nn·
1070 301 1130 354 inst.

313 389 347 446 sle
365 392 403 444 tat.
423 391 504 459 oilig.
524 388 602 457 Quucl
622 389 644 438 si
665 386 744 454 igitur
761 385 897 449 evenerit,
924 396 950 440 ut
967 387 1071 457 perclita
1088 402 1132 438 es·

312 475 433 546 ceptione
451 472 570 526 indebite
587 487 663 539 quem
677 470 774 521 mirere
791 479 930 537 oporteat,
947 488 998 522 nou
1013 471 1079 538 juris
1092 469 1130 522 ali·

313 560 464 630 spositioui,
480 558 524 611 sed
536 573 596 608 suae
611 554 638 605 tt
651 555 761 622 imputet
777 555 816 605 vel
829 553 1002 624 negligentiae
1014 553 1054 607 vel
1066 570 1128 607 con·

312 645 449 706 lomaniae,
460 642 534 707 nujus
547 639 640 691 merito
653 655 762 706 poenam
776 638 838 690 luat.

315 745 319 754 ·
349 732 371 788 ς.
392 726 416 776 ³.
434 721 539 774 Naeuiis
558 720 591 771 ale
608 718 684 788 plebe
704 719 765 770 baec
783 715 934 785 scribimus,
951 718 998 788 qni
1025 717 1130 788 injusti·

313 809 376 870 tiae,
395 805 483 860 nescio
501 805 592 870 cujus,
610 802 764 854 insimulare
782 812 923 854 sueverunt
948 803 1004 868 iura
1023 811 1128 866 nostra,

312 894 415 964 quoties
435 891 521 959 rigore
540 891 594 958 ejvas
613 889 700 958 perire
722 886 801 940 alicui
821 887 862 952 jus
880 905 955 940 suom
980 887 1128 953 vtteuvluuts

314 979 359 1030 ulai
376 976 492 1044 cogitare
509 974 649 1038 debebant,
669 991 724 1024 eam
742 990 800 1025 esse
812 973 927 1041 cujusvis
940 972 1006 1038 legis
1023 987 1127 1042 genera·

313 1060 356 1122 lis,
375 1060 454 1112 etiam
473 1057 656 1127 aepisieaimam
676 1065 811 1118 naturam,
826 1067 854 1108 nt
868 1073 921 1108 nou
934 1056 1017 1125 possit
1033 1073 1084 1109 uuo
1098 1057 1127 1110 iu

313 1162 376 1199 casu
398 1140 587 1214 specialissimo
609 1139 765 1211 quaudoque
787 1157 867 1212 coquo
891 1140 1004 1209 sigillior
1027 1138 1128 1194 sitan.

311 1225 470 1299 Iieutiquam
491 1240 592 1279 tamen:
612 1226 660 1277 boc
683 1227 741 1294 ipso
759 1225 787 1276 in
807 1224 864 1278 iuro
882 1223 1059 1277 conscientiae
1083 1240 1128 1275 ex·

311 1317 446 1385 caalpatnm
464 1314 582 1367 solomus
602 1328 733 1364 morosum
746 1323 869 1376 actorem,
882 1312 927 1379 qui
943 1312 1130 1380 peccatomui·

313 1415 349 1454 uo
364 1409 392 1454 et
408 1407 498 1450 contra
514 1394 703 1448 conscientiam
721 1405 749 1446 et
761 1403 850 1447 coutrs
862 1390 981 1447 officium
993 1393 1055 1446 boni
1071 1395 1130 1459 viri,

311 1480 374 1534 dum
392 1479 476 1549 exigit
494 1496 507 1529 a
527 1494 571 1529 reo
590 1477 626 1537 iil,
645 1475 715 1544 qimai
729 1475 827 1528 sciebat
841 1476 892 1528 sibi
906 1479 1020 1548 amplios
1039 1494 1129 1530 revera

313 1579 367 1616 nnn
385 1561 489 1622 sleberi,
507 1560 576 1628 quod
596 1577 644 1611 nec
663 1571 746 1627 petere
771 1560 839 1625 juste
858 1571 967 1628 poterat.
991 1561 1046 1614 Nee
1072 1570 1128 1626 est,

311 1646 380 1717 quotl
399 1645 547 1715 praetendat
559 1645 626 1712 juris
640 1645 738 1706 stricti,
751 1661 802 1712 quo
813 1641 926 1708 fruitur,
944 1645 1128 1698 assistentiam.

312 1731 393 1800 loges
411 1731 482 1783 enim
502 1731 575 1800 ipsae
592 1746 698 1798 semper
723 1745 776 1780 uon
796 1728 896 1792 solum,
915 1729 979 1800 quid
1000 1732 1130 1798 permissu

311 1817 379 1884 juris
405 1816 507 1882 liceat,
525 1811 743 1866 considerantium
769 1828 850 1878 esse,
876 1813 921 1864 secl
946 1825 971 1866 et
993 1812 1057 1883 quial
1082 1815 1127 1867 bo·

312 1908 416 1951 nestum
436 1897 488 1961 sit,
509 1895 660 1956 inculcant,
679 1895 696 1946 l.
718 1895 779 1946 197.
781 1891 823 1960 ff.
842 1891 876 1947 de
891 1910 914 1946 r·
925 1895 951 1968 1'·
964 1898 1059 1966 quotis
1072 1900 1128 1967 plu·

311 1981 386 2032 ribus
399 1977 477 2031 inira.

345 2069 368 2126 ς.
387 2061 412 2112 l.
429 2061 485 2114 Nec
501 2069 528 2114 et
547 2059 582 2112 iis
599 2059 698 2113 erimus
714 2059 857 2125 contrarii,
874 2062 921 2132 qni
934 2074 1025 2133 optare
1035 2065 1129 2131 solent,

311 2156 341 2199 ut
359 2153 397 2199 lot
414 2145 606 2198 solemnitates.
621 2159 757 2212 processus
776 2143 859 2198 nostri
884 2146 954 2198 circa
973 2143 1074 2212 fatalia,
1100 2157 1129 2202 ut

310 2231 339 2284 irs
359 2229 487 2301 reliquis,
507 2229 588 2282 itaet
608 2227 635 2280 in
658 2229 827 2299 opponendis
846 2231 1062 2300 exceptionibus,
1078 2233 1127 2285 ob-

311 2313 452 2367 servandus
469 2313 525 2379 lege
543 2311 647 2381 publiea
665 2328 695 2364 cu
722 2312 827 2366 tandem
849 2314 934 2384 redigi
955 2325 1075 2386 possent,
1099 2328 1128 2370 ut

311 2399 407 2453 sociere
424 2397 502 2449 liceat
521 2394 623 2463 plebejo
640 2395 710 2460 civi,
731 2397 829 2467 absque
854 2399 977 2452 aalvocalo
996 2401 1023 2451 in
1043 2400 1128 2455 iorum

310 2485 433 2552 prodireg
452 2480 591 2533 nolentum
606 2480 678 2531 enim
694 2481 805 2532 omniuo
818 2492 865 2544 est,
878 2499 909 2534 eo
921 2481 1059 2535 devenisse
1071 2503 1129 2553 pra-

310 2572 357 2619 xin
377 2577 504 2627 nostram,
523 2573 551 2614 ut
568 2565 597 2614 iu
615 2577 690 2614 causa
707 2563 789 2615 etiam
804 2565 915 2616 minima
934 2567 1031 2634 ingenti
1046 2569 1129 2637 partis

310 2661 415 2719 sumptu
441 2645 605 2700 adhibendus
630 2661 700 2698 nuno
725 2647 812 2699 veniat
836 2646 994 2712 advocatus,
1023 2667 1075 2702 uon
1101 2663 1129 2704 ut

310 2752 414 2788 eausam
435 2740 542 2794 tractet,
561 2729 606 2786 secl
631 2741 657 2781 ut
685 2727 804 2784 iorsnsiia
831 2747 968 2800 processus
991 2733 1127 2800 observet,

311 2818 407 2869 exiuvle
418 2815 497 2870 multo
510 2831 587 2883 ssepc
600 2813 764 2882 pretiosiora,
773 2831 849 2883 qvtam
865 2832 906 2867 res
920 2834 1041 2884 pmcessn
1053 2836 1129 2888 quae·

310 2901 371 2952 sita.
384 2900 465 2969 Quasi
479 2915 540 2950 vero
551 2899 574 2950 is
586 2915 652 2951 unus
664 2913 730 2949 esset
741 2897 939 2968 imprudentiae
948 2896 1021 2963 linis,
1035 2915 1062 2955 ut
1075 2905 1128 2957 ale·

309 2993 383 3035 retur
402 2981 658 3034 iudesdsneaturum
679 2997 812 3035 numerus.
831 2985 905 3054 Qum
923 3003 997 3038 causa
1017 2991 1127 3060 collapsi

310 3064 338 3118 iu
353 3076 437 3119 tantas
451 3064 612 3118 subtilitates
626 3081 772 3133 processus,
785 3076 810 3118 et
823 3085 855 3118 an
868 3068 1068 3126 adscribendum
1083 3077 1129 3127 ali·

310 3145 374 3218 qcsivl
385 3147 418 3200 sit
432 3147 530 3200 nimiae
544 3147 677 3198 tenacitati
691 3148 861 3215 quorumdam
872 3154 1017 3206 antistitum
1027 3159 1054 3209 iu
1066 3161 1127 3211 reti.

310 3231 408 3284 neunt-a
424 3243 448 3282 et
467 3230 599 3281 mordicus
618 3227 792 3284 cleienclendis
805 3235 949 3304 principiis
961 3240 1075 3308 singulis
1089 3260 1126 3296 se·

311 3314 376 3366 teris
392 3313 458 3382 juris
477 3313 615 3378 saxonici,
631 3329 690 3366 cum
709 3311 778 3367 loris
803 3334 855 3370 nou
875 3319 953 3384 baec,
971 3325 1015 3374 secl
1039 3329 1127 3397 sequi.

309 3408 349 3451 las
367 3397 455 3466 potius
473 3407 499 3448 et
516 3396 584 3448 salus
603 3397 709 3464 pulaliua
728 3407 754 3450 et
773 3416 862 3453 curma
878 3413 904 3454 et
917 3423 1011 3476 scopus
1025 3427 1126 3477 procas.

311 3498 355 3533 sns
369 3478 502 3548 dirigencli
513 3495 572 3532 esse
584 3481 704 3545 debeant,
716 3482 777 3533 aliis
789 3485 985 3550 dijudicantium
999 3495 1126 3567 relinqui-

310 3581 378 3616 mus.
392 3563 507 3615 Abusum
527 3565 596 3614 bunc
613 3566 734 3632 justitiae,
753 3569 790 3618 uti
809 3583 870 3621 aute
883 3574 1004 3642 saepius,
1023 3581 1060 3632 its
1080 3599 1125 3636 nu.

311 3649 427 3720 perrime
445 3650 538 3710 etiam,
559 3648 586 3700 iu
605 3651 720 3702 comitiis
734 3652 936 3717 provincialibus
953 3659 1068 3714 Dresclae
1082 3667 1125 3718 ba.

310 3731 392 3794 bitis,
410 3733 575 3784 smenslatum
594 3734 712 3798 gnaviter
728 3736 831 3788 voluere
849 3739 1032 3796 serenissimus
1050 3748 1125 3815 prin.

310 3831 371 3882 cept
389 3825 414 3868 el
433 3825 514 3868 stolus
534 3815 714 3882 provinciales.
732 3817 855 3872 tichicus
870 3824 895 3872 iu
910 3823 958 3878 iton
970 3843 1063 3897 puncto
1075 3851 1127 3886 000

310 3901 398 3970 potuit
422 3918 473 3952 non
493 3901 594 3968 placere
611 3901 686 3953 Jctus
705 3902 873 3956 doctissimus
895 3909 956 3961 iob.
985 3913 1129 3970 Sebilrsm,

308 3983 450 4056 pronior.
463 3985 542 4038 llom.
553 3999 639 4035 esem.
651 3985 675 4036 7.
689 3987 725 4036 tls.
739 3987 781 4036 ts.
797 3987 839 4038 lli.
852 3989 902 4042 lutc
911 3998 1092 4060 praescribens
1103 4011 1129 4057 et

311 4069 498 4122 commendans
510 4067 639 4134 inclinibus
649 4069 808 4136 cognitiones
820 4073 985 4145 iuterparles
996 4080 1129 4152 litigantes

312 4151 484 4215 summarias,
501 4149 600 4218 absque
618 4151 670 4204 ullu
682 4153 805 4208 advocato
817 4159 1012 4227 expediendas,
1031 4167 1082 4233 iss,
1102 4179 1131 4222 us

311 4237 381 4304 partl
401 4233 506 4302 utrique
523 4254 537 4285 a
557 4233 643 4300 jusliee
656 4236 712 4304 ipsu
726 4248 890 4306 exponantur
903 4243 958 4306 iura
973 4247 1024 4298 sibi
1039 4249 1129 4306 obser.

916 203 1292 260 utst’ttttrto
1329 205 1402 260 xltt.

1216 303 1245 368 ς.
1261 303 1287 354 b.
1307 302 1383 370 Quinti
1403 304 1425 355 si
1446 323 1508 374 ergo
1525 305 1608 357 cliens
1627 302 1660 357 ile
1678 293 1784 354 emissis
1801 291 1999 371 exceptionibui

1182 388 1364 455 periclitatus,
1384 407 1475 441 causae
1493 388 1643 442 vulneratae
1661 387 1803 438 consilium
1822 395 1905 456 pelat,
1919 385 1997 437 alvo·
2025 421 2033 434 ,-

1179 472 1245 522 estis
1264 489 1315 524 nun
1331 472 1420 523 stetim
1431 489 1537 525 omnem
1552 471 1710 540 slesponiest
1722 469 1851 530 animum,
1873 468 1917 520 sel
1931 468 1998 521 actis

1186 553 1398 620 prioribus'cum
1419 571 1478 607 eura
1502 555 1643 624 perlectis,
1668 553 1796 605 cliettlulo
1826 550 1859 600 vie
1886 551 1999 619 singulis

1179 653 1269 688 caiasae
1288 639 1494 692 circumstantiis
1514 639 1629 692 stnsliose
1646 635 1813 695 examinato,
1832 633 1900 702 quoii
1921 650 2000 702 saepe

1180 722 1318 788 negligunt
1331 721 1451 773 ativo'eati
1465 721 1553 772 minus
1567 718 1650 778 cauti,
1662 718 1764 786 singula
1777 717 1848 766 inter
1868 713 1997 767 multian-

1179 799 1242 853 slum
1258 803 1368 859 subnata
1389 803 1495 857 alubiola
1515 806 1595 874 probe
1613 811 1695 855 nutet.
1714 818 1797 869 .sepe
1815 801 1887 852 enim
1906 800 1996 868 plures

1178 888 1341 938 ratiunculae
1359 888 1386 938 in
1407 887 1477 939 ilem
1496 887 1678 954 conspirantes
1697 899 1804 936 movere
1823 881 1938 950 jualieem
1959 897 1998 968 ιι-

1178 970 1246 1034 lent,
1264 973 1333 1040 quod
1352 991 1402 1026 uua
1415 991 1467 1025 nun
1482 973 1595 1026 iecisset.
1615 970 1690 1040 Quuvl
1705 971 1723 1021 ii
1737 971 1803 1021 bene
1816 977 1923 1026 norunt,
1936 967 1997 1036 qui·

1178 1053 1227 1107 bus
1246 1057 1336 1110 alatum
1362 1057 1414 1110 luit
1440 1057 1613 1112 relationibus
1636 1067 1753 1107 actomm
1782 1055 1920 1104 interesse.
1944 1056 1997 1107 lle·

1178 1137 1278 1202 medio,
1297 1157 1363 1209 quse
1379 1139 1506 1192 obvenire
1523 1146 1662 1208 poterunt,
1681 1145 1759 1190 ervsut
1776 1134 1818 1187 vel
1837 1138 1996 1187 commeastis

1176 1231 1266 1272 contra
1286 1240 1378 1274 omnes
1397 1225 1623 1293 praescriptiones
1640 1230 1668 1276 et
1693 1219 1821 1273 laesiones
1846 1219 1937 1276 utilia:
1958 1221 1998 1271 rel

1180 1305 1325 1373 specialia,
1343 1326 1409 1376 quae
1426 1309 1490 1362 solis
1509 1307 1648 1360 medentur
1665 1305 1804 1358 erroribus
1831 1303 1898 1356 circa
1923 1321 1999 1356 esce·

1184 1389 1289 1457 ptioues
1314 1392 1471 1445 ccisamissis.
1494 1393 1534 1444 l‘e
1560 1390 1671 1458 singulis
1697 1387 1805 1440 seorsim
1832 1404 1950 1455 agemus,
1975 1387 1997 1440 si

1180 1469 1230 1523 boc
1251 1475 1510 1539 praemonuerimus,
1530 1474 1559 1524 in
1577 1471 1763 1527 communibus
1790 1471 1915 1525 recueillis
1939 1489 1999 1541 per·

1179 1555 1322 1607 tractaualis
1340 1558 1453 1610 instituti
1473 1561 1556 1610 nostri
1576 1561 1705 1613 rationem
1721 1577 1773 1612 non
1789 1557 1854 1629 pati,
1865 1567 1997 1610 nlomnes

1178 1651 1221 1687 eas
1241 1641 1363 1692 materias
1380 1657 1413 1693 ex
1433 1643 1538 1712 integm
1563 1642 1615 1696 bne
1640 1652 1809 1713 repetamus,
1828 1643 1874 1695 ubi
1894 1643 1922 1694 iu
1943 1644 1997 1696 tbe·

1180 1729 1248 1771 mate
1268 1724 1375 1791 speciali
1393 1724 1552 1778 elaborauilc
1562 1743 1703 1780 versamur.
1717 1728 1768 1781 Sat
1781 1728 1858 1781 natta
1870 1724 1997 1793 suit‘sciet,

1178 1809 1545 1876 nnumalterumqueilubium
1557 1811 1952 1883 cautelamvebnequaalrantetn
1972 1801 2001 1868 ib

1177 1888 1253 1954 prasi
1273 1889 1400 1942 hactenus
1417 1892 1587 1956 observatam,
1607 1905 1755 1949 annotasse.

1213 1964 1238 2037 5.
1258 1972 1285 2024 7.
1307 1974 1418 2026 l'abitnr
1437 1993 1498 2043 ergo
1518 1978 1663 2030 remealinm
1683 1999 1721 2033 ere
1730 1981 1875 2053 priuilegio
1891 1984 1999 2039 aetatis.

1179 2049 1278 2106 illinori
1296 2057 1386 2122 enim,
1405 2059 1488 2110 multo
1506 2061 1585 2112 etiam
1606 2065 1689 2133 magis
1702 2067 1814 2136 pupillo,
1827 2083 1874 2121 ceu
1888 2087 1999 2140 panacea

1178 2147 1269 2190 contra
1284 2157 1378 2194 omues
1397 2144 1645 2213 praescriptiones,
1662 2165 1714 2201 non
1743 2159 1829 2204 tamen
1856 2153 1908 2205 nisi
1930 2167 2000 2207 tean-

1180 2223 1300 2289 porales,
1318 2237 1342 2278 et
1359 2225 1480 2278 fatalium
1501 2229 1603 2298 lapsum
1622 2230 1743 2300 proteris
1762 2235 1916 2290 constitutio
1934 2255 2002 2292 nova

1180 2306 1324 2359 iustiniani
1345 2308 1372 2360 in
1391 2309 1410 2358 l.
1418 2308 1476 2378 fin.
1493 2328 1518 2363 e.
1536 2313 1567 2363 in
1585 2314 1659 2382 graii.
1672 2333 1744 2369 cons.
1760 2317 1788 2370 iu
1804 2318 1852 2370 int.
1872 2331 1932 2372 rest.
1952 2341 2002 2378 nee

1177 2406 1235 2440 uon
1248 2399 1296 2442 est.
1315 2393 1422 2462 Quippe
1440 2412 1488 2463 qua
1508 2394 1686 2466 dispositum,
1706 2403 1775 2468 quod
1794 2421 1887 2456 omnes
1899 2418 1999 2476 tempo.

1178 2475 1244 2526 rales
1262 2479 1482 2547 praescriptiones
1501 2479 1558 2550 ipso
1577 2484 1634 2547 iure
1653 2486 1730 2554 plane
1750 2505 1801 2540 nnn
1820 2503 1928 2544 currant
1947 2495 1999 2546 mi·

1179 2555 1296 2609 nuribus.
1316 2557 1369 2610 lico
1388 2561 1477 2613 oberit
1496 2565 1606 2627 minori,
1625 2567 1685 2622 licet
1702 2578 1730 2622 et
1748 2580 1857 2625 tutorem
1883 2583 1909 2628 et
1934 2595 1998 2646 pro·

1176 2648 1322 2692 curatorem
1341 2641 1486 2710 locupletes
1506 2645 1647 2711 babuerit,
1667 2652 1763 2719 quibus
1788 2657 1905 2724 stipatus
1923 2657 2002 2715 istrie

1178 2721 1304 2778 deseruit.
1323 2725 1387 2777 bam
1405 2737 1432 2779 et
1449 2727 1515 2780 olim
1535 2732 1586 2796 jans
1607 2734 1659 2796 ism
1677 2735 1775 2790 electio
1794 2735 1846 2791 luit
1859 2747 2000 2810 peuesmi·

1177 2823 1286 2873 norem,
1303 2827 1336 2860 an
1354 2811 1467 2863 voluerit
1488 2814 1682 2870 restitutionem
1708 2831 1809 2890 petere,
1835 2841 1884 2894 qus
1912 2837 2001 2881 tannen

1177 2886 1284 2957 dejure
1306 2893 1429 2958 noviore,
1456 2906 1486 2949 ut
1507 2915 1569 2952 mos
1587 2899 1710 2968 «licetur,
1730 2921 1778 2956 nec
1795 2923 1861 2976 opus
1887 2911 2001 2980 amplius
2043 2919 2050 2936 ⁸

1177 2976 1244 3036 erite
1263 2995 1296 3029 au
1314 2991 1404 3034 contra
1428 2990 1536 3038 tutorem
1563 2985 1595 3036 acl
1617 2987 1819 3044 indemnitatem
1840 3012 1931 3064 agere,
1952 3012 2001 3065 per

1177 3058 1198 3111 l.
1215 3061 1241 3111 3.
1254 3062 1278 3114 5,
1296 3080 1320 3115 c.
1337 3065 1363 3117 si
1374 3074 1423 3117 rur.
1436 3067 1548 3120 ueiens.
1562 3069 1664 3123 interv.
1682 3073 1744 3126 licet
1767 3085 1794 3127 et
1812 3094 1859 3144 per
1877 3099 1999 3149 procura-

1177 3157 1259 3200 torem
1278 3148 1312 3199 lis
1330 3151 1426 3217 agitata
1444 3149 1542 3215 luerit,
1561 3155 1579 3208 l.
1598 3155 1620 3206 l.
1648 3173 1670 3206 c.
1697 3157 1723 3208 si
1746 3159 1811 3212 usis.
1839 3181 1897 3216 rem
1915 3167 2001 3235 judic.

1178 3229 1255 3298 idque
1274 3233 1427 3301 nuperrimo
1446 3237 1583 3290 novembr.
1604 3240 1682 3294 l'ioi.
1702 3241 1769 3295 bene
1792 3251 1998 3315 pronunciatum

1175 3332 1232 3368 esse
1250 3319 1359 3370 memini
1378 3338 1393 3372 s
1413 3319 1456 3372 vin.
1474 3323 1588 3377 scabinis
1606 3324 1677 3395 [ιρι.
1697 3326 1725 3380 in
1739 3347 1814 3382 causa
1826 3351 1912 3386 euram
1929 3358 2000 3408 prae.

1176 3397 1274 3452 iectura
1292 3402 1413 3468 lipsiensi
1433 3407 1557 3460 ventilata
1581 3407 1724 3478 Gottsried
1742 3433 1795 3468 uun
1820 3419 2001 3483 Weidenioelt

1177 3497 1274 3538 contra
1287 3485 1330 3540 die
1350 3490 1599 3546 Tettenbnrnr'sclsen
1612 3495 1726 3561 Kinder,
1746 3500 1790 3552 ubi
1806 3501 1832 3553 bi
1849 3503 1926 3561 iatsle
1937 3531 1998 3581 pru·

1177 3568 1322 3623 banslarum
1341 3574 1531 3642 exceptionum·
1544 3577 1612 3628 elabi
1634 3581 1704 3647 passi
1722 3593 1813 3652 erant,
1836 3585 1933 3646 frustra
1953 3613 1998 3649 me

1177 3663 1286 3724 urgente
1304 3658 1332 3708 in
1350 3659 1513 3711 contrarium
1531 3661 1550 3711 l.
1569 3661 1613 3714 tt.
1632 3663 1752 3732 etim:
1766 3667 1799 3722 de
1812 3671 1913 3726 minor.
1933 3679 1995 3764 sptis

1177 3749 1248 3792 certe
1276 3739 1378 3808 liqnialo
1407 3758 1525 3796 asserere
1551 3745 1635 3810 visas,
1662 3749 1810 3819 minorem,
1833 3757 1879 3825 qui
1904 3759 1998 3818 babuit

1178 3835 1371 3892 procuratorem
1392 3826 1533 3890 mojorem,
1552 3843 1605 3881 nou
1626 3833 1746 3896 restitui,
1765 3835 1817 3888 uisi
1837 3839 1860 3891 si
1880 3861 1999 3913 aprocu.

1179 3918 1265 3959 ratore
1282 3923 1322 3959 res
1341 3908 1437 3961 serrari
1458 3926 1511 3961 non
1529 3911 1621 3977 possis.
1640 3916 1693 3985 Qui
1714 3927 1805 3973 textus
1817 3939 1957 3984 moverunt
1969 3945 1998 3988 ιι

1181 3993 1273 4045 lissitl.
1291 3992 1407 4044 ntertum
1424 4009 1454 4058 p.
1467 3993 1494 4044 ’1.
1512 3993 1568 4046 dee.
1587 3996 1647 4048 226.
1666 4009 1692 4052 et
1709 4003 1771 4054 coll.
1783 4005 1872 4076 junii.
1891 4029 1995 4084 urgeor.

1178 4079 1197 4132 i.
1215 4075 1239 4130 i.
1258 4075 1298 4129 tit.
1317 4076 1342 4128 l.
1360 4075 1397 4126 sla.
1416 4076 1461 4128 66.
1479 4088 1507 4130 ut
1526 4077 1593 4133 hauc
1611 4085 1764 4139 senteutiam
1785 4091 1836 4157 juri
1863 4101 1997 4152 commoni

1179 4165 1264 4218 seg-ms
1279 4161 1414 4216 crederent
1433 4161 1517 4230 magis
1534 4168 1683 4221 convenire.
1702 4171 1806 4240 Quibus
1823 4181 1997 4240 consentiret

1179 4250 1254 4320 casp,
1274 4249 1358 4316 ziegl.
1375 4247 1463 4318 adjus
1479 4250 1611 4304 eonoml.
1630 4251 1655 4304 2.
1670 4251 1711 4306 tit.
1733 4256 1775 4306 18.
1797 4258 1821 4323 ς.
1841 4259 1865 4312 2.
1882 4281 1911 4329 p.
1932 4267 1995 4320 896,

313 4318 403 4386 santa,
417 4317 449 4369 ati
463 4317 567 4394 moslurp
583 4318 817 4386 interrogationum
832 4323 859 4377 iu
873 4326 929 4390 jure
942 4329 1010 4383 olim
1030 4332 1129 4388 lacien-
1179 4345 1287 4406 propter
1305 4334 1325 4384 l·
1350 4336 1392 4387 1³.
1415 4333 1438 4408 5.
1452 4330 1511 4402 fin·
1524 4349 1548 4384 u.
1566 4333 1673 4408 dejeci.
1694 4339 1726 4391 Ει
1745 4340 1817 4392 enim
1839 4357 1896 4413 post
1915 4350 1995 4407 istum

314 4403 1129 4490 tirou·Quatseonsitiumutamamplexamunoaqoapro·
1179 4436 1272 4475 novum
1291 4423 1332 4490 jus
1350 4424 1378 4474 iu
1396 4421 1441 4475 cit.
1458 4422 1477 4472 i.
1494 4421 1552 4494 fin·
1579 4421 1638 4474 cod.
1664 4425 1762 4476 nullam
1782 4431 1895 4499 amplius
1914 4436 1996 4506 legem

314 4497 414 4540 uentus
431 4503 488 4539 esse
505 4487 564 4539 novi
589 4496 672 4540 sistus
691 4490 878 4559 provinciales,
898 4497 925 4548 in
945 4515 1022 4570 sopra
1048 4503 1128 4559 dictis
1178 4502 1229 4555 toa
1245 4504 1372 4573 quaclrsre
1402 4503 1479 4558 iacile
1507 4515 1619 4558 cunstat·
1646 4508 1801 4579 Respondet
1818 4522 1845 4566 et
1863 4515 1892 4569 iu
1911 4525 1998 4590 specie

313 4568 430 4622 comitiis
447 4585 526 4638 super
543 4588 607 4623 nova
625 4572 788 4628 culinatiune
799 4593 933 4645 processus
945 4585 1128 4642 consultantes.
1178 4587 1211 4640 sal
1229 4587 1291 4640 lict.
1310 4589 1328 4640 l.
1349 4589 1393 4641 ts.
1411 4589 1475 4654 ds'ap.
1494 4588 1528 4642 da
1545 4591 1745 4648 restituerem
1764 4598 1862 4668 neglig,
1886 4621 1996 4672 prm„

315 4653 368 4722 Qui
385 4651 468 4708 ioetns
484 4655 604 4708 Jclorum
623 4655 861 4713 illustrissimorum
888 4674 917 4716 ut
941 4668 1068 4738 auspiciis
1085 4691 1130 4741 po.
1178 4675 1399 4745 cirsalapsfle.
1417 4675 1493 4726 slus,
1509 4673 1663 4744 Erfisds’cs
1680 4676 1775 4732 habim
1794 4684 1919 4739 41704,
1942 4681 1998 4744 a„

314 4740 460 4794 tentissimi
483 4743 588 4796 mxouis
606 4743 689 4797 lucem
709 4747 862 4816 propediem
891 4751 992 4819 vitient,
1015 4757 1084 4811 serio
1101 4779 1118 4814 o
1179 4778 1241 4830 ergo
1258 4769 1349 4811 contra
1368 4759 1469 4826 lapsum
1489 4757 1578 4810 latslis
1596 4761 1766 4816 restitutione
1791 4765 1819 4816 in
1846 4767 1996 4839 integrum,

315 4833 428 4894 ptamus.
1179 4859 1244 4914 qnae
1262 4841 1374 4910 patent·
1392 4851 1447 4892 orat
1464 4841 1521 4902 iure
1538 4841 1699 4908 digestorum
1726 4857 1750 4900 et
1777 4849 1829 4903 alio
1854 4857 1980 4908 auteriori
1990 4895 1998 4923 ,

350 4903 373 4975 5.
392 4907 416 4956 5.
438 4905 546 4959 Διτιὶιιιι
564 4925 626 4974 ergo
643 4909 822 4979 exceptionem
841 4931 912 4968 suam
930 4934 1001 4982 rens,
1018 4925 1129 4978 veleam
1181 4925 1294 4994 amplius
1311 4942 1376 4994 opus
1395 4922 1502 4976 habebit
1528 4924 1631 4990 minor,
1658 4927 1711 4979 uisi
1739 4928 1818 4984 letale
1844 4935 1997 5008 perditum,
2064 4947 2071 4958 ‘

317 4989 466 5056 teoapestice
483 5007 540 5042 nou
557 4993 694 5059 urgendo:
718 4995 741 5043 si
761 4996 861 5050 scilieet
884 4999 911 5050 in
939 5020 1058 5072 processu
1075 5026 1133 5061 eae·
1179 5008 1250 5081 quoii
1264 5008 1468 5068 restituendum,
1479 5017 1504 5059 et
1517 5009 1763 5080 currereinceperit
1776 5015 1880 5081 iamiam
1895 5023 1997 5090 majori,

315 5075 403 5127 cntivo
420 5075 569 5129 electoratus
588 5078 715 5140 ausonici,
732 5082 900 5149 exceptiones
918 5093 1130 5146 snteterminnm
1182 5104 1245 5162 puta
1264 5089 1366 5160 parenti
1385 5091 1423 5142 vel
1449 5091 1497 5142 alii
1527 5093 1684 5146 asstecessori
1724 5095 1774 5146 bec
1803 5097 1903 5161 obstat,
1927 5108 1996 5173 quod

318 5160 503 5226 recognitionis
522 5181 570 5216 uns
587 5179 646 5214 ecura
661 5163 814 5230 probatione
827 5167 925 5235 liquida
939 5187 997 5223 reus
1011 5190 1061 5226 non
1076 5177 1130 5228 ect·
1181 5177 1240 5227 ord·
1257 5190 1332 5240 proc.
1348 5175 1423 5226 elec!-
1440 5193 1503 5228 m·
1522 5175 1562 5226 lt'l·
1576 5177 1618 5226 2⁰·
1637 5183 1659 5237 i·
1682 5179 1749 5232 Unci
1759 5179 1864 5234 diemeil
1880 5185 1909 5238 iss
1932 5205 1998 5244 ense

318 5241 397 5305 alerit3
410 5245 437 5295 in
452 5259 571 5313 processu
589 5247 732 5308 crilinario,
745 5247 767 5298 si
782 5248 917 5304 slilatoriss
929 5265 990 5307 unte
1003 5255 1059 5310 litis
1072 5277 1131 5313 cou-
1181 5259 1263 5316 elnnsi
1270 5256 1374 5328 sntolis
1385 5257 1466 5310 dicut:
1481 5277 1510 5312 es
1527 5259 1621 5315 mitrale
1638 5260 1667 5314 iss
1686 5263 1770 5314 ιιιιιίι
1788 5265 1925 5320 minorum
1941 5289 1998 5325 uer·

317 5328 474 5380 testationem
493 5347 543 5381 non
566 5332 731 5399 opposuerit,
757 5339 945 5402 peremptorias
967 5339 1025 5391 litia
1048 5354 1134 5397 conte·
1182 5343 1290 5396 mittelst
1300 5344 1345 5396 ties
1357 5345 1481 5416 benffict's'
1489 5346 1667 5400 restitutionis
1683 5349 1713 5400 iu
1730 5349 1864 5418 integrum
1883 5357 1926 5407 etis
1947 5377 1998 5410 an·

222 5445 225 5452 ι
320 5413 424 5464 stationi
444 5415 496 5482 ipsi
518 5433 569 5468 non
588 5423 756 5484 annetsseritc
775 5423 814 5473 vel
830 5424 979 5494 oppositum
998 5427 1132 5492 exceptio·
1180 5425 1242 5477 der!
1258 5427 1386 5480 crital'en·
1413 5430 1519 5482 ²b¹¹site
1544 5435 1615 5483 enim
1642 5432 1819 5501 legislmurem
1847 5435 1886 5487 ibi
1914 5442 1997 5497 flumi-

319 5513 378 5548 nem
397 5497 558 5563 deserendo,
576 5503 645 5571 quot
663 5499 726 5571 fiet,
747 5507 769 5558 si
793 5521 851 5560 reus
878 5507 1057 5579 probationem
1076 5513 1131 5579 ejus
1182 5524 1244 5562 nare
1261 5512 1310 5563 lmc
1329 5509 1502 5576 beoelicium,
1515 5532 1563 5567 nec
1577 5533 1608 5568 ro
1626 5514 1754 5568 sublatam
1776 5519 1841 5569 velle
1858 5518 1940 5588 legem
1955 5525 1995 5590 ju·

318 5581 469 5649 neglexerit.
1182 5593 1356 5666 stiuisueum,
1373 5597 1440 5651 inde
1454 5598 1548 5668 liquet,
1567 5597 1637 5670 quoii
1655 5614 1669 5652 e
1686 5602 1817 5656 cantorio
1837 5604 1926 5658 statim
1946 5607 1997 5660 avl-

288 5702 332 5712 Α
