4464 6206
442 329 498 382 109

393 421 580 514 ingenium.
606 419 700 486 Hanc
723 417 767 486 ob
790 427 935 500 ransom,
958 440 1036 486 cuns
1063 421 1145 486 milri
1171 445 1208 486 es
1235 445 1251 488 a

392 515 485 607 quod
517 512 684 603 publicum
712 509 877 576 edendum
904 513 1002 591 esset,
1026 523 1061 592 et
1086 511 1193 576 variae
1210 536 1244 580 sc

998 299 1378 383 orsrnrssrto
1413 323 1487 386 xro.

1970 329 1973 338 ¹
1985 327 2038 382 111

1254 423 1400 492 cadomis
1424 425 1605 492 discessuro
1628 445 1688 514 pro
1712 442 1802 490 more
1831 419 1998 527 specimen
2026 405 2087 487 ali·

1260 511 1418 580 offerrent
1426 517 1606 600 materiae,
1635 520 1671 581 in
1701 515 1826 606 quibus
1848 513 1975 604 ingenii
2002 511 2087 580 sires

392 607 535 696 experiri
568 601 730 682 licuisset,
760 597 891 688 placuit·
910 615 1021 666 tatncu
1044 591 1130 666 milri
1158 626 1197 668 ex
1225 602 1362 672 coneilio
1390 605 1448 670 dn.
1475 605 1647 676 Praesidis
1667 605 1799 673 sclcctas
1833 603 1994 692 quosdam
2020 601 2084 670 iuri

392 696 649 772 controversias,
668 693 703 754 iss
725 688 855 780 judiciis
876 693 1012 778 jamtum
1042 689 1231 774 ventilatas,

1254 693 1390 784 publico
1413 697 1556 763 examini
1586 696 1792 764 submittere.
1817 691 1922 760 Cesue
1946 693 2085 785 quidem

391 789 443 854 illi
470 797 547 850 ante
573 783 685 872 plnres
707 802 813 872 ostnos
838 781 873 846 in
902 779 972 846 loro
995 779 1133 848 discussi
1158 796 1256 862 suut,
1286 783 1465 880 quoeiipee
1484 789 1545 853 du.
1572 785 1706 854 Praesee'
1731 786 1815 872 milti
1838 784 2084 874 benigueccm·

392 877 595 960 mussicesit3
619 884 858 946 ettamentson
882 871 990 938 dcl'uit
1015 869 1084 955 ltic,
1111 873 1201 977 quud
1231 873 1416 942 industriae
1444 901 1535 944 mese
1565 875 1829 969 relinqueretur,
1868 873 2009 958 scilicet,
2043 885 2084 940 ut

391 973 428 1040 in
451 970 594 1040 rationes
617 963 735 1031 borum
758 984 894 1028 casuum
918 961 1017 1052 paulo
1046 963 1177 1053 plenius
1206 965 1420 1056 inquirerem.
1452 965 1563 1056 Quare
1595 968 1825 1054 non-dubito,
1854 963 2012 1035 bessesolc
2034 963 2083 1032 le·

393 1074 480 1144 ntor,
503 1053 535 1123 cc
558 1055 642 1122 benc
666 1051 811 1120 instituti
837 1050 900 1116 mei
932 1052 1109 1134 sotionem,
1134 1063 1249 1142 utpote
1271 1057 1452 1148 proposito.
1469 1081 1540 1123 tneo
1570 1058 1762 1148 proficuam,
1787 1083 1856 1127 non
1879 1063 2086 1154 improbatus

390 1171 490 1235 pum,
513 1146 571 1239 q'ni
595 1149 866 1232 insuper-certus
889 1165 979 1221 sum,
1004 1144 1159 1210 te-etiom
1182 1144 1311 1238 eliquid
1336 1146 1388 1212 bic·
1411 1139 1653 1232 inventurum,
1674 1151 1766 1240 quod
1798 1153 1859 1234 tibi
1888 1156 1970 1221 utile
1994 1182 2083 1244 esso,

393 1237 584 1308 selenitem
608 1233 785 1323 displicere
807 1255 876 1299 non
906 1231 1016 1322 possit.
1038 1231 1164 1301 Deum·
1182 1245 1296 1312 sutem
1322 1237 1454 1326 iocoso,
1476 1250 1513 1305 ut
1544 1239 1624 1308 huic
1653 1239 1819 1333 proposito
1847 1265 1922 1310 meo
1942 1249 2082 1338 gretiam

392 1353 486 1400 sustu
509 1323 745 1417 benignissime
766 1323 989 1416 impertietur.

666 1567 1023 1674 unsouurtouns
1045 1539 1507 1640 conruovnnstsnmt
1527 1567 1809 1647 sonnnstutt.

795 1765 818 1820 1.

392 1939 440 1994 1).
458 1919 580 2008 principe
598 1893 703 1990 isodoro
721 1933 756 1988 sb
774 1935 826 1989 slio
843 1930 966 2004 principe
979 1939 1093 1995 tenente,
1106 1941 1134 1985 et
1147 1933 1212 1987 illud

432 2021 558 2076 demsnic
574 2036 622 2073 sno
641 2015 839 2088 incorporeum,
863 2035 896 2071 so
919 2035 950 2080 eo
963 2017 1035 2090 ‘ipso
1063 2016 1212 2076 iscultstens
1231 2071 1234 2078 ,

393 2124 398 2137 ·
429 2101 567 2160 iliensndl
585 2095 633 2161 sei
645 2101 776 2156 r'eiussosli
794 2099 936 2154 smiseriti
971 2119 977 2124 ·

638 2225 1027 2296 cuuusnra‘

401 2357 493 2416 &suci
513 2377 541 2413 n.
561 2359 586 2410 1.
603 2377 673 2430 seqq.

397 2437 532 2500 dictiones
549 2439 700 2498 dubitandi.
720 2461 748 2497 ss·
761 2441 787 2495 1.
798 2443 870 2515 se'qq.

398 2529 532 2582 Rationes
544 2526 693 2583 deridendi.
704 2544 733 2578 rs.
746 2527 773 2580 9.
784 2543 856 2600 seqq·
919 2531 922 2538 ⁴
962 2575 968 2582 .

404 2609 525 2665 Decisio·
537 2625 565 2664 tt.
580 2611 624 2662 ts.

365 2783 380 2838 1
400 2725 548 2848 Princeps
565 2771 673 2847 qoidsns
691 2773 809 2847 imperii,
828 2773 995 2840 Alexander,
1016 2784 1117 2830 eertum
1135 2773 1219 2848 quoa-

400 2865 459 2914 dsrn
474 2859 590 2932 feudum,
603 2859 671 2930 quod
692 2861 856 2936 tusculsuusu
867 2861 1023 2924 torrebimus,
1035 2861 1067 2913 ub
1079 2863 1131 2913 elio
1145 2862 1218 2930 prin·

402 2947 463 3017 cipe
481 2944 613 2998 Cesimiro
632 2943 750 3006 tenebst,
768 2942 836 3013 quosl
856 2939 988 2997 dominiis
1014 2945 1069 2998 suis
1095 2946 1234 3014 incorpo··

399 3037 515 3092 sssetst,
533 3035 561 3081 et
574 3035 633 3098 post
644 3027 881 3097 sliquotsnnorutn
896 3027 1032 3080 decursum
1046 3027 1131 3080 eidem
1147 3029 1220 3098 prin·

399 3113 455 3182 cipi
476 3111 615 3179 casimiro,
632 3131 648 3164 s
664 3129 716 3182 quo
733 3111 872 3182 prsedinm
892 3100 958 3166 illud
977 3111 1075 3166 feudali
1090 3115 1166 3168 titulo
1180 3132 1220 3168 re·

399 3187 587 3266 cognosceb'et,
606 3195 655 3249 snb
672 3197 731 3263 inre
748 3196 923 3252 snticbrctico
935 3197 1066 3263 restituit,
1080 3200 1169 3266 poetes
1181 3215 1222 3250 se·

399 3297 431 3332 ro
450 3279 526 3348 plsnc'
545 3277 720 3332 bsereditsrio
744 3281 802 3346 jnre
827 3278 890 3331 utile
915 3295 991 3330 sunm
1018 3278 1167 3334 dominium
1193 3282 1222 3338 in

398 3381 459 3416 enm
481 3364 626 3427 transtulit,
644 3369 671 3415 et
689 3363 725 3414 its
744 3359 861 3414 breuiter
879 3360 928 3411 boe
941 3359 1046 3412 isodoro
1060 3363 1221 3416 tusculanum

398 3447 459 3501 sine
474 3463 603 3501 consensu
621 3455 735 3498 statuum
754 3443 955 3514 prosinciulioro
970 3444 1077 3512 corpori
1089 3444 1223 3501 demsnio·

366 3548 459 3609 qrum
476 3529 586 3596 exemit,
605 3537 632 3584 ct
649 3515 757 3581 domino
774 3525 877 3579 directo
909 3523 1047 3604 reiutssit.
1066 3526 1221 3602 ¹Alexandro

402 3610 528 3684 principe
546 3619 659 3676 mortuo,
677 3625 809 3662 successor
827 3609 884 3678 ejus
903 3605 1009 3666 ieodum
1029 3605 1106 3660 illud¹
1121 3626 1154 3662 es
1179 3611 1222 3664 de·
1250 3603 1251 3606 ¹

402 3699 493 3750 suenio
510 3695 652 3750 elienstutn
674 3707 792 3746 resocsrs
809 3693 969 3766 intendebst,
987 3691 1058 3745 uude
1074 3695 1159 3762 grecie
1174 3713 1219 3748 ns·

367 3774 523 3835 instiutor
539 3777 731 3832 controversie:
757 3793 791 3828 so
816 3791 849 3828 ex
873 3776 999 3845 qualitste
1024 3775 1166 3831 demsuisli
1195 3787 1222 3830 et

398 3863 465 3918 inde
482 3861 645 3933 dependente
663 3859 784 3914 iscultste
802 3860 950 3924 resorsndi,
970 3861 1056 3930 rigore
1074 3875 1133 3929 cop.
1146 3862 1222 3917 isus!-

391 3946 469 4001 ·1ecto
489 3948 533 3999 93.
549 3963 579 3999 m.
599 3945 632 3998 de
642 3943 763 4018 jurejur.
782 3953 808 3996 et
826 3945 851 3995 si
870 3945 967 4012 jurium
986 3945 1115 4013 prolixius
1136 3946 1220 4000 dedn-

401 4039 504 4082 osorum
523 4047 537 4080 s
556 4028 762 4082 Brunnemrnno
779 4029 874 4083 consil.
894 4031 918 4080 1.
932 4031 1071 4084 Successor
1091 4031 1140 4084 buc
1166 4029 1219 4084 ien-

403 4111 466 4164 dum
480 4131 494 4166 a
506 4111 613 4166 domino
627 4112 728 4164 directo
741 4127 860 4166 resocsre
873 4111 979 4181 possit?

367 4193 387 4248 1
438 4197 554 4252 Dubium
572 4213 651 4250 omne
668 4196 697 4248 in
715 4197 764 4249 boc
782 4195 942 4260 seresbctur,
961 4213 993 4252 sn
1013 4197 1091 4265 plane
1107 4193 1217 4265 qualite-

402 4291 456 4335 tem
475 4279 591 4338 demsnii
610 4279 748 4351 prsesliuro
768 4281 840 4334 illud.
853 4277 1032 4334 sssumseslti
1051 4281 1157 4333 Etenim
1175 4295 1216 4331 re·
1249 4287 1253 4292 '

402 4365 500 4434 irsgsri
518 4365 656 4420 ridebstur
673 4365 783 4436 genuins
803 4365 982 4418 demsuiornm
1002 4365 1128 4428 indoles,
1153 4379 1219 4433 quse

402 4451 506 4504 seilicet
522 4451 698 4504 communiter
717 4449 753 4502 its
772 4448 947 4513 describitur,
971 4447 1040 4519 quod
1056 4448 1217 4506 'demonium

402 4536 438 4588 sit
456 4535 642 4603 pstrimooiurn
662 4535 730 4603 reip.
749 4535 867 4604 principi
884 4532 1079 4587 concessumst!
1098 4532 1217 4586 subsidia

367 4613 386 4665 11
402 4619 475 4671 sulse
491 4627 627 4687 stetusqne
643 4617 684 4670 sui
703 4617 921 4686 indecspiends3
940 4615 1010 4676 nutlc
1029 4631 1076 4669 nec
1093 4617 1123 4668 irs
1142 4618 1216 4687 prin·

402 4699 489 4773 cipis,
509 4715 536 4756 et
554 4703 640 4772 ipsi-ue
660 4701 726 4772 reip.
747 4703 908 4772 putrimooio
926 4717 984 4754 esse
1007 4689 1148 4766 dicuntur,
1174 4702 1216 4754 illi

404 4793 504 4840 tsntnns
523 4785 659 4840 usufructu
676 4785 705 4836 in
726 4785 768 4837 bis
786 4779 863 4840 bouis
888 4781 977 4840 relicto
1004 4785 1080 4842 cros.
1096 4787 1130 4839 de
1152 4786 1218 4859 jure

369 4870 466 4949 fideli.
482 4882 584 4940 etpcc.
603 4871 647 4924 tit.
665 4871 691 4924 1.
707 4871 733 4924 cl
749 4873 775 4924 6.
794 4879 816 4934 ς.
837 4876 882 4924 11.
901 4875 935 4936 At
952 4888 1012 4926 sero
1034 4869 1142 4925 ieeslum
1173 4883 1214 4926 tu·

323 4993 325 4997 -
404 4957 538 5010 sculsnum
558 4973 611 5009 non
629 4958 749 5024 jurem
767 4953 897 5009 beneficio
914 4956 1017 5027 populi,
1036 4957 1081 5009 scsl
1106 4973 1139 5010 ex
1156 4975 1217 5011 con·

403 5048 492 5091 srsctu,
506 5041 632 5108 meierum
646 5055 704 5092 cuns
723 5039 776 5092 slio
794 5041 920 5109 priscips
931 5041 1008 5106 inito,
1021 5041 1070 5094 sub
1082 5059 1150 5096 nexu
1164 5041 1218 5096 tco-

403 5121 459 5174 dnli
479 5122 591 5188 tenshst,
610 5124 720 5193 ideoque
738 5122 767 5176 in
794 5141 824 5176 co
846 5123 963 5194 principi
991 5126 1148 5186 Alessndro,
1164 5141 1216 5178 non

405 5207 495 5258 minue
512 5207 578 5276 juris
597 5207 812 5286 relinquendum,
829 5229 906 5277 quem
924 5199 993 5280 opteri
1011 5211 1123 5280 quisque
1141 5210 1217 5264 nolti·

405 5292 470 5342 litnn
491 5292 520 5343 iu
540 5292 616 5362 (eodo
635 5311 681 5346 sno
697 5313 712 5344 s
732 5293 852 5363 principe
869 5295 979 5356 obtento
998 5293 1086 5360 babet,
1102 5283 1218 5347 unisone

403 5392 533 5430 cottsensn
551 5377 653 5432 domini
673 5379 738 5431 utile
756 5377 903 5432 dominium
924 5379 951 5430 iu
969 5393 1160 5448 quemcumque
1176 5395 1220 5430 es·

405 5471 526 5514 trssteuns
545 5460 690 5516 transierre
708 5461 864 5533 permissum
883 5473 933 5514 est.
950 5459 1068 5530 israel.
1087 5463 1113 5515 9.
1131 5464 1155 5530 §.
1173 5462 1220 5516 tio-

370 5569 389 5623 *1
407 5563 473 5602 nore
490 5557 517 5600 et
534 5547 559 5599 9.
567 5547 649 5618 find.
668 5547 709 5603 tc.
729 5547 785 5600 lmo
805 5549 833 5600 in
850 5547 908 5616 jore
926 5545 1021 5600 feudali
1042 5548 1119 5618 plene
1143 5548 1220 5600 treis-

409 5634 497 5689 titium
517 5643 563 5688 eet.
581 5633 726 5687 issssttnro
746 5633 809 5688 utile
825 5649 901 5686 suum
919 5631 1067 5684 dominium
1086 5633 1114 5682 in
1129 5646 1220 5683 msnus

408 5717 512 5780 tietuini
530 5714 611 5789 tract,
628 5719 845 5794 qusndoeussque
863 5720 917 5796 ipsi
942 5719 1061 5788 libuerit,
1085 5719 1221 5792 resignare
1243 5758 1249 5774 .

1262 1775 1289 1819 et
1309 1767 1526 1840 reintsretposee.
1544 1767 1662 1840 2ssud.
1682 1772 1727 1826 91.
1748 1779 1771 1836 ς.
1796 1773 1885 1830 Titius
1909 1787 1936 1830 et
1960 1775 1986 1830 1.
2001 1775 2085 1848 seud-

1263 1853 1308 1904 te.
1326 1857 1423 1924 Voltej.
1442 1853 1565 1923 defend.
1582 1856 1630 1910 lib.
1648 1859 1674 1910 1.
1690 1875 1715 1910 e.
1734 1859 1780 1910 10.
1797 1876 1827 1912 rr.
1845 1861 1908 1914 1³⁰.
1933 1861 2019 1915 Strus.
2044 1861 2079 1920 de

1253 1937 1337 2006 find.
1354 1955 1378 1990 e.
1393 1939 1442 1992 11.
1460 1942 1499 1993 tls.
1518 1939 1564 1993 11.
1581 1949 1612 1994 et
1629 1941 1694 1995 binc
1717 1939 1820 1997 froeno
1841 1955 1952 1999 ststnuns
1978 1948 2083 2017 prosiu·
2102 1973 2125 2025 g

1262 2021 1370 2074 eistinru
1388 2040 1531 2078 muscosus
1550 2023 1718 2080 desideretur
1733 2026 1803 2081 eircs'
1821 2026 1890 2081 bons
1907 2031 1939 2082 sb
1953 2028 2020 2101 ipsis
2032 2048 2085 2087 nou

1264 2101 1394 2173 proiecte.

1301 2186 1351 2237 His
1371 2197 1458 2241 temen
1477 2206 1529 2242 non
1547 2189 1728 2256 obstentibsss,
1736 2191 1799 2247 eliis
1816 2192 1896 2250 slites·
1911 2197 1996 2254 risutts
2015 2195 2083 2263 tais,
2102 2217 2125 2270 p

1265 2267 1360 2322 scilice·
1382 2267 1564 2326 demsoiorom
1582 2290 1684 2326 censsm
1703 2285 1733 2328 es·
1746 2277 1900 2345 qnslitssem
1913 2298 1966 2332 non
1979 2297 2012 2334 ex
2024 2283 2080 2338 sols

1264 2351 1421 2408 libcrslitste
1438 2365 1551 2408 ststuum
1575 2357 1777 2426 provincialium
1804 2355 1974 2432 repetendsm
1998 2381 2079 2432 esse,

1265 2436 1408 2490 sedunum
1426 2440 1545 2507 qusmris
1564 2437 1710 2510 principem
1732 2443 1883 2498 deuterium
1903 2463 2023 2500 suumex
2036 2450 2081 2504 bo·

1267 2519 1311 2572 nis
1325 2521 1510 2592 undecumque
1526 2523 1655 2596 quaesitis
1672 2543 1768 2595 sugere
1784 2543 1869 2598 posse,
1889 2519 1911 2582 si
1924 2532 1968 2584 ills
1982 2550 2029 2604 per
2041 2533 2080 2587 iu·

1267 2609 1478 2674 corporstionem
1497 2607 1529 2660 sd
1548 2619 1699 2678 perpetuum
1719 2613 1882 2680 principetur
1904 2625 1929 2668 et
1947 2632 2084 2672 successo·

1268 2701 1326 2739 rura
1344 2688 1491 2743 ntilitstem
1510 2691 1690 2748 destinauerit.
1708 2695 1858 2749 lioscntbal.
1875 2697 1908 2751 de
1918 2699 1996 2769 send.
2008 2721 2031 2756 c.
2055 2702 2082 2758 1.

1267 2773 1353 2824 court
1372 2773 1415 2828 et.
1434 2770 1533 2830 Bnt'tsts.
1552 2794 1627 2830 cons.
1654 2780 1679 2830 1.
1703 2797 1732 2831 n.
1750 2781 1794 2834 118.
1816 2781 1901 2852 Sicuti
1919 2783 1992 2837 enim
2017 2785 2083 2841 bons
2105 2787 2143 2840 19

1267 2855 1300 2906 sb
1318 2855 1445 2930 episcopo
1464 2861 1624 2916 mensslibus
1643 2858 1700 2914 suis
1718 2863 1794 2916 bonis
1812 2867 1909 2933 juncte,
1926 2868 2084 2938 periterns·

1269 2947 1353 2990 turam
1369 2941 1528 2996 mensalium
1546 2953 1693 2997 sssumunt.
1710 2943 1832 2998 Gilielm.
1852 2947 1971 3003 Redosu.
1986 2951 2021 3004 ds
2038 2969 2081 3010 re-

1269 3022 1420 3098 buseceier.
1436 3042 1492 3078 non
1507 3025 1646 3079 eliensnd.
1657 3037 1761 3095 quaest.
1780 3028 1822 3080 ct.
1841 3045 1867 3078 n.
1892 3031 1936 3083 itt.
1958 3034 2083 3088 Menoelt.

1269 3105 1302 3159 de
1317 3109 1411 3162 arbitr.
1420 3105 1505 3178 judic.
1517 3109 1668 3179 quaestion.
1676 3109 1722 3163 tto.
1733 3111 1758 3164 9.
1768 3127 1824 3164 cas.
1838 3111 1900 3165 193.
1911 3131 1939 3166 n.
1953 3113 1978 3167 9.
1990 3126 2015 3168 et
2028 3133 2086 3189 seq.

1269 3189 1347 3242 Certe
1365 3189 1437 3244 idern
1454 3210 1558 3263 quoque
1572 3195 1608 3252 ¹in
1628 3187 1759 3246 demoniis
1776 3208 1866 3264 'regum
1887 3205 1914 3250 ct
1931 3199 2082 3270 principum
2105 3209 2141 3261 ιι

1269 3273 1353 3326 locum
1374 3275 1468 3327 bebere
1486 3275 1580 3340 delict,
1598 3285 1626 3328 ut
1640 3276 1767 3346 quicquid
1788 3279 1979 3348 incorporemus
1997 3284 2037 3336 sel
2054 3303 2081 3337 u·

1270 3355 1357 3428 pisum
1376 3364 1416 3408 est
1434 3355 1511 3409 bonis
1522 3357 1584 3409 sliis
1601 3356 1803 3426 demsnislibns,
1821 3378 1867 3430 pso
1885 3359 2026 3417 demsnisli
2048 3383 2087 3422 rc·

1270 3447 1385 3506 putetur.
1403 3441 1498 3494 lienst.
1516 3439 1651 3511 Ciroppin.
1669 3441 1702 3495 dc
1719 3441 1848 3500 demonio
1861 3463 1933 3516 regn.
1952 3448 2085 3507 Francius

1270 3521 1316 3575 lib.
1336 3525 1361 3576 1.
1380 3525 1422 3574 ts't.
1441 3524 1466 3576 1.
1486 3542 1515 3578 rt.
1533 3529 1560 3577 1.
1580 3536 1607 3579 et
1623 3545 1695 3597 seqq·
1712 3529 1814 3581 Msscb.
1831 3531 2084 3600 deprehensurus

1272 3609 1333 3660 203.
1350 3605 1377 3659 ri.
1398 3609 1441 3660 11.
1466 3609 1589 3664 Menoch.
1607 3609 1702 3664 consil.
1720 3611 1764 3664 7⁰.
1783 3629 1809 3666 n.
1825 3614 1866 3663 tu.
1884 3611 1939 3666 lieo
1950 3615 2028 3669 ullibi
2042 3635 2085 3671 es·
2106 3635 2145 3688 η

1271 3695 1368 3762 igitur,
1389 3702 1418 3746 nt
1435 3693 1498 3745 ltsec
1516 3691 1582 3748 bons
1602 3695 1793 3767 incorporsods
1813 3697 1939 3765 princeps
1955 3700 2012 3767 jure
2031 3701 2086 3770 pie·

1270 3779 1300 3830 oi
1318 3779 1431 3844 dominii
1451 3778 1603 3848 possidess,
1622 3795 1681 3832 cum
1707 3779 1774 3832 bons
1799 3781 1875 3832 utilis
1895 3779 2007 3834 dominii
2027 3784 2085 3850 jure

1271 3877 1406 3932 possesse,
1423 3871 1554 3930 quotenus
1571 3860 1679 3914 domino
1696 3860 1798 3914 directo
1817 3859 1879 3914 inde
1897 3879 1950 3914 noe
1970 3861 2085 3919 iniectus

1270 3946 1480 4016 prsejudicium,
1508 3946 1609 4014 sequnli
1628 3945 1742 3998 srbitrio
1762 3944 1894 4014 principis
1922 3945 2084 4016 possidentis

1270 4031 1323 4085 sint
1340 4030 1464 4108 subieqta.
1482 4029 1560 4106 Unde
1579 4027 1679 4104 fructus
1697 4025 1773 4080 fundi
1794 4029 1922 4081 tusculsni
1937 4027 2087 4084 sedditibus

1268 4115 1459 4168 demsoislibns
1473 4115 1615 4184 sdscripti,
1627 4131 1707 4184 seque
1719 4123 1815 4182 sugent
1827 4114 1990 4180 demonium,
2003 4133 2082 4186 quem

1269 4201 1292 4252 si
1313 4201 1387 4270 plens
1405 4203 1555 4272 proprietas
1572 4215 1603 4252 so
1621 4201 1702 4253 rclsts
1721 4197 1805 4252 ieret.
1821 4199 1855 4250 iit
1872 4198 1935 4250 bino
1953 4198 1981 4251 in
2008 4217 2082 4270 prse-
2103 4205 2140 4257 13

1259 4286 1336 4354 ¹senti
1356 4303 1435 4350 cssu,
1451 4284 1514 4355 qnis
1532 4282 1641 4337 lendum
1661 4282 1725 4336 illusi
1744 4300 1797 4336 non
1812 4300 1937 4352 personae
1949 4284 2084 4355 principis

1268 4369 1422 4436 Aicssndri,
1441 4370 1487 4422 scsl
1507 4369 1631 4421 omnibus
1648 4383 1751 4438 quoque
1767 4370 1824 4433 cjne
1842 4367 2035 4421 successoribus
2054 4368 2085 4419 in

1268 4455 1419 4527 principatu
1439 4468 1591 4507 concessum
1610 4463 1682 4515 esst,
1708 4449 1821 4520 indeque
1847 4458 1908 4518 post
1934 4449 2085 4521 incorpore·

1267 4544 1368 4594 tionem
1387 4547 1546 4611 perpetuum
1559 4535 1689 4606 quoddnm
1706 4542 1876 4602 augmentum
1895 4532 2020 4586 demanio
2039 4551 2082 4587 sn·

1267 4623 1388 4688 cesiers't,
1406 4621 1551 4678 successori
1569 4621 1733 4692 principatus
1753 4619 1801 4676 ille
1819 4615 1958 4671 resocsutli
1978 4619 2084 4685 ineest.

1268 4709 1307 4762 Ut
1325 4718 1443 4773 tscesrn,
1466 4707 1590 4778 princeps
1614 4702 1776 4756 Germseise
1800 4702 1937 4772 plerosque
1962 4701 2086 4755 demessis
2104 4703 2141 4757 11

1268 4811 1314 4848 ens
1332 4803 1359 4846 ec
1374 4789 1556 4862 preciccturss
1574 4788 1607 4844 sb
1625 4786 1793 4856 imperatoris
1812 4789 1949 4852 majestns
1960 4798 1982 4838 et
1994 4784 2087 4854 'irnpe-

1270 4879 1312 4931 rio
1330 4875 1359 4930 iu
1378 4873 1486 4928 isuslum
1511 4872 1632 4942 occipere
1659 4879 1685 4921 et
1710 4883 1912 4938 recognoscere.
1939 4863 2088 4921 Bruciuer.

1267 4964 1300 5018 sis
1319 4959 1448 5014 demanio
1466 4975 1489 5010 c.
1507 4957 1534 5008 9.
1553 4975 1579 5008 n.
1599 4955 1646 5007 31.
1657 4956 1804 5023 ‹Postqnsm
1824 4954 1913 5022 tuque
1927 4951 1997 5010 intes·
2009 4951 2084 5022 prin·
2106 4951 2142 5004 15

1267 5048 1354 5116 cipern
1375 5041 1552 5104 Alexandrum
1571 5054 1595 5094 et
1611 5051 1693 5092 status
1712 5037 1797 5108 ipsine
1817 5035 1989 5106 proslocisles
2009 5053 2086 5106 gene·

1269 5133 1360 5184 rstiter
1376 5138 1532 5182 conventum
1552 5137 1626 5191 eret,
1642 5135 1676 5176 ue
1696 5123 1762 5176 bons
1777 5123 1857 5176 semel
1873 5122 1994 5184 detnsoio
2005 5139 2083 5192 quse·

1269 5214 1317 5270 sits
1336 5212 1395 5265 sine
1412 5211 1528 5280 ipsorum
1548 5225 1676 5261 consenso
1694 5201 1882 5270 sliensreutu'r,
1901 5205 1956 5270 dici
1969 5199 2085 5276 ernpliui
2107 5202 2141 5255 19

1268 5299 1369 5368 nequit,
1390 5297 1506 5370 principi
1526 5295 1642 5348 ssmdens
1662 5293 1810 5346 libertatem
1830 5291 1964 5344 aliensndi
1989 5309 2083 5362 super·

1270 5401 1335 5449 ests,
1353 5399 1432 5450 quem
1445 5377 1597 5450 cuicumque
1611 5378 1718 5438 vassallo
1734 5376 1834 5442 nobili;
1848 5393 1907 5428 cure
1921 5383 2021 5428 cet-tuta
2034 5375 2082 5440 sit,

1269 5470 1359 5524 nsioue
1375 5469 1443 5540 jnris
1461 5469 1609 5540 principem
1630 5465 1657 5516 in
1673 5453 1812 5525 ilemenio,
1839 5479 1917 5532 quum
1945 5462 2082 5529 prisstuns

1270 5553 1299 5606 iss
1318 5554 1372 5606 suis
1390 5550 1468 5607 bonis
1480 5553 1592 5606 ltsbcre.
1611 5547 1711 5601 Bruno.
1728 5546 1825 5600 conrii.
1848 5551 1873 5598 t.
1891 5565 1918 5599 n.
1939 5543 2001 5596 cut.
2021 5546 2083 5616 Quo
2102 5562 2140 5614 Π

1273 5639 1332 5710 ipso
1349 5638 1426 5691 etism
1447 5635 1547 5688 corruit
1565 5634 1648 5686 libers
1667 5630 1776 5684 iacultss
1794 5629 1901 5681 ieudnrn
1920 5628 1969 5680 boc
1994 5617 2083 5680 dutus·

1275 5721 1321 5780 uio
1341 5722 1536 5794 incorporatum
1553 5717 1661 5774 domiuo
1678 5718 1779 5773 directo
1797 5703 1930 5772 secationi
1944 5750 1956 5818 q
1972 5731 2034 5770 cum
2053 5713 2086 5767 li·
