4460 6176
258 261 313 317 077
619 254 792 325 00110000,
811 251 945 329 notens
956 247 1055 308 rins
1072 246 1181 308 scunt
1198 246 1270 308 900
1289 247 1385 306 0000
1401 249 1465 310 ιιι.

210 356 342 418 ttarloner
359 354 509 414 dubitandi.
530 373 559 412 ιι.
576 355 602 410 0.

214 445 349 500 Rationes
366 441 512 498 deridendi·
532 459 559 495 ιι.
578 441 605 495 t.
621 453 696 510 teqq.

215 527 380 582 Doctrina.
402 527 446 580 tt.

175 769 191 819 1
209 704 253 814 In
273 758 436 832 peruenerit
455 775 514 812 easu
534 758 605 814 iliter
617 757 683 812 bona
699 754 879 810 distribuendo
895 754 922 805 in
936 751 1026 822 rpecle

206 849 357 904 occurrebat
375 849 443 915 sylra
461 845 585 914 quaedum
605 845 733 898 aestimata
748 859 796 911 pro
810 841 889 892 9000.
903 837 1024 901 florenis,

205 931 277 998 cnjus
296 939 376 982 ratvrn
397 927 479 980 irnter
498 928 568 983 inter
587 925 652 979 bone
667 927 717 977 rlia
731 925 862 978 sororibus
879 939 928 992 pro
948 921 1026 973 setis-

207 1011 325 1064 lortione
342 1011 474 1072 offerebat,
492 1026 551 1062 nom
564 1021 648 1063 autem
662 1011 729 1078 sylva
746 1009 789 1060 ilie
803 1006 883 1060 certis
897 1004 1024 1059 oneribus

212 1095 335 1161 subjecta,
356 1109 457 1147 sorores
474 1095 531 1158 ejus
548 1105 648 1162 partem
666 1093 781 1148 oblatam
800 1101 935 1160 acceptare
953 1103 1027 1152 repu-

175 1187 196 1238 2
214 1179 313 1244 subant,
333 1179 379 1230 ubi
399 1180 494 1230 iterum
515 1175 712 1246 disputobutur:
736 1193 769 1228 an
795 1189 900 1227 sorores
923 1181 1025 1242 portem

211 1262 287 1329 liujus
308 1263 392 1331 sylvae
410 1279 457 1330 pro
477 1261 522 1314 illo
539 1260 632 1329 pretio,
651 1271 702 1330 quo
720 1259 856 1313 aestimata
868 1255 928 1320 init,
941 1256 970 1307 in
984 1270 1025 1310 te·

207 1343 289 1396 lutum
309 1343 427 1412 sculpere
447 1339 600 1397 teneantur?
641 1343 648 1352 '

173 1439 192 1492 3
244 1428 464 1496 Qurrnviaautern
477 1429 549 1493 juxto
562 1426 747 1480 resolutionem
758 1419 955 1495 praecedentem
967 1418 1026 1472 ira·

209 1509 243 1562 tri
262 1509 351 1564 Fluvio
369 1510 534 1562 commodum
553 1511 688 1564 electionis
706 1521 832 1564 assertum
851 1506 941 1570 inerit,
955 1504 1025 1573 sylva

209 1604 294 1646 antem
314 1596 358 1646 illa
379 1595 431 1647 suia
449 1592 577 1647 liborrret
590 1593 773 1654 incommodis,
784 1607 850 1660 quae
863 1591 890 1642 in
903 1589 967 1646 certa
980 1602 1025 1640 es·

209 1691 297 1743 presse
315 1686 397 1736 erent.
416 1686 444 1728 et
462 1677 524 1732 ltine
541 1692 599 1728 cnm
618 1674 700 1728 irvter
716 1675 828 1742 elegerit
847 1673 1027 1742 ipsum-prae·

210 1760 285 1812 diurn
305 1761 393 1822 nobile
411 1759 485 1831 (deo
505 1759 688 1830 liutardum)
710 1763 808 1828 justum
834 1771 935 1826 utroque
952 1769 1025 1816 esse,

209 1855 236 1895 ut
255 1843 351 1912 sylvam
371 1844 438 1896 hanc
452 1843 579 1912 integram
592 1857 650 1894 curn
661 1844 718 1895 'ruis
730 1841 876 1894 commodis
888 1849 916 1890 et
930 1839 1028 1890 incoro-

209 1926 297 1984 modis
315 1929 456 1989 retineret,
475 1943 525 1979 nec
544 1942 647 1978 sorores
665 1926 699 1978 erl
718 1926 803 1994 sylvia
823 1935 923 1996 portem
942 1920 1026 1974 susei-

207 2013 331 2082 piendum
350 2012 576 2082 eilstrinqerentor
592 2011 627 2064 cb
644 2013 829 2082 nequissimam
853 2009 969 2080 regulam
998 2007 1026 2058 in

213 2093 232 2146 l.
245 2095 288 2144 10.
293 2092 334 2161 ff
344 2095 377 2147 de
388 2109 412 2144 r.
425 2093 443 2144 ι’.

174 2181 192 2233 0
245 2177 313 2246 Quia
332 2192 394 2230 sero
411 2193 512 2236 sorores
530 2178 587 2230 loto
599 2173 701 2246 praedii
714 2173 843 2246 equestris
854 2173 907 2228 alia
920 2171 1026 2244 prrartta

206 2261 267 2312 setis
283 2259 404 2329 lmgisern
414 2270 589 2332 acceperuut,
599 2271 629 2324 et
644 2260 680 2312 ita
695 2277 743 2328 per
756 2260 909 2312 electionem
934 2255 1044 2323 irater-¹

174 2348 193 2402 lt
210 2359 269 2395 nem
284 2343 311 2396 in
326 2341 418 2398 ellectu
433 2334 574 2396 laesacuon
588 2343 732 2412 snntrsylve
744 2342 823 2394 etium
836 2342 899 2394 baro
911 2340 1025 2394 itanum·

209 2437 309 2495 persta,
326 2439 351 2481 ιιι
364 2427 559 2481 erindenrnnia
569 2425 1028 2496 bonisquibuarepeteruisreparan·

212 2510 254 2560 dis
267 2513 416 2563 necessaria*
425 2511 496 2579 ligna
504 2510 606 2566 desumi
617 2509 834 2578 tetrametrum
842 2507 1027 2578 pertinentiae,

212 2599 342 2662 lamqnem
353 2593 547 2656 accessorium,
570 2591 710 2645 seeundum
730 2603 851 2645 naturam
871 2591 1029 2661 principalis

1307 387 1648 450 summam
1738 447 1740 450 .

1072 515 1167 581 Coeus.
1184 530 1215 568 ιι.
1233 515 1259 568 1.

1080 597 1215 668 Quaestio.
1234 617 1261 652 ιι.
1281 597 1305 651 9.

1075 683 1210 736 dictiones
1225 678 1373 746 dubitandi,
1394 700 1424 737 ιι.
1443 682 1469 737 d.
1489 697 1547 754 req.

1074 763 1206 836 Rationes
1223 762 1372 820 «imitandi.
1390 783 1418 820 rt.
1436 767 1463 818 0.
1480 783 1552 838 seqq.

1079 846 1198 901 Decrir'o.
1217 867 1244 902 rr.
1266 850 1310 903 19.

1077 931 1203 985 Altenrm
1221 930 1370 1004 quaestion.
1388 933 1495 986 mernbr.
1514 951 1541 989 ιι.
1568 934 1614 987 90.

1078 1017 1216 1070 dictiones.
1233 1035 1261 1068 ιι.
1275 1017 1320 1068 ut.

1075 1097 1195 1154 Decitio.
1215 1119 1242 1154 ιι.
1264 1100 1308 1152 2³.

1074 1197 1241 1308 Flaminius
1252 1255 1348 1310 nobilis
1360 1270 1514 1326 pomeranos
1535 1251 1613 1310 silini
1627 1275 1674 1314 ano
1687 1259 1823 1320 Burknvto
1835 1265 1890 1321 feu.
1909 1275 1925 1324 ι

1074 1341 1135 1394 dum
1155 1347 1256 1394 eertum
1278 1339 1332 1392 loco
1352 1337 1498 1408 promissae
1515 1337 1586 1392 dotis
1598 1339 1627 1392 in
1650 1343 1761 1396 solutum
1778 1347 1894 1415 dederat,

1074 1427 1122 1478 auh
1141 1438 1264 1493 expressa
1281 1421 1419 1474 evictionis
1436 1422 1629 1489 promissioner
1649 1443 1707 1478 enm
1728 1445 1787 1480 vero
1803 1440 1893 1500 postea

1074 1507 1221 1561 Bnoiorius
1238 1505 1354 1570 videret,
1368 1504 1430 1568 linio
1446 1501 1526 1557 feudo
1539 1506 1679 1561 inhaerere
1691 1515 1893 1580 praestationem

1073 1593 1145 1664 eqni,
1162 1591 1240 1660 quein
1258 1589 1444 1642 ordinarieen
1462 1586 1549 1642 leudis
1568 1590 1670 1644 nobiles
1692 1593 1798 1647 domino
1816 1615 1892 1667 praa.

1075 1686 1155 1740 stant,
1168 1678 1225 1746 ejus
1238 1675 1295 1726 loco
1309 1673 1383 1726 mille
1396 1671 1519 1736 florenos,
1528 1673 1619 1740 quanti
1629 1680 1805 1731 communiter
1813 1695 1894 1749 equus

1075 1757 1187 1810 feudalis
1206 1751 1365 1829 existimari
1375 1755 1459 1821 volet,
1473 1754 1506 1807 ab
1519 1751 1600 1808 affine
1616 1773 1661 1810 sno
1672 1760 1806 1815 Flaminio
1823 1781 1894 1833 pree·
1910 1767 1929 1822 2

1074 1839 1205 1904 tenrlabat;
1224 1839 1288 1890 hinc
1307 1837 1485 1908 quaerebatur,
1502 1855 1535 1889 an
1552 1841 1620 1907 juste
1638 1843 1694 1908 ejus
1707 1843 1802 1910 petitio
1813 1857 1894 1908 esset,

1074 1936 1099 1978 et
1115 1941 1149 1976 on
1167 1921 1315 1974 Pleminius
1333 1921 1364 1974 ad
1391 1920 1522 1990 integrum
1549 1925 1666 1992 pretinm
1691 1927 1752 1997 eqni
1778 1923 1892 1980 leudulis

1075 2003 1261 2076 praestandum
1279 2000 1427 2072 obligetur?

1110 2087 1236 2159 Quereris
1253 2099 1339 2143 entem
1358 2086 1515 2156 Flaminiae,
1533 2105 1592 2142 cnm
1607 2085 1682 2142 alfini
1697 2107 1744 2146 suo
1756 2092 1891 2148 Buokovio
1910 2095 1927 2148 9

1075 2173 1212 2243 praedium
1231 2171 1302 2226 deret
1321 2173 1350 2224 in
1369 2173 1488 2236 aolutum,
1507 2173 1593 2225 aldem
1611 2175 1765 2243 promiserit
1784 2179 1892 2230 erictio·

1073 2275 1143 2320 nem,
1162 2256 1272 2326 ipseque
1288 2259 1352 2310 alias
1366 2259 1417 2324 jaro
1431 2273 1463 2308 er
1477 2267 1567 2310 natura
1579 2257 1767 2310 contractusad
1782 2259 1809 2310 id
1822 2259 1894 2312 ubli·

1072 2349 1149 2409 gorne
1170 2339 1216 2404 sit,
1237 2340 1369 2410 siqnidem
1387 2349 1487 2392 notum
1506 2349 1557 2404 est,
1574 2341 1642 2409 quod
1661 2351 1689 2393 et
1703 2342 1731 2392 in
1747 2344 1894 2398 vlatioucin

1073 2425 1187 2476 solutum
1206 2423 1301 2476 evictio
1319 2424 1405 2477 veniat
1423 2423 1588 2493 praestanda.
1606 2423 1625 2474 l.
1638 2424 1663 2475 ri
1672 2424 1817 2490 praedium
1835 2427 1858 2476 l.
1872 2443 1895 2480 e.

1074 2504 1108 2559 de
1124 2507 1200 2560 eviot.
1217 2507 1316 2560 norell.
1335 2506 1360 2558 l.
1381 2523 1440 2572 oop.
1453 2508 1478 2560 3.
1491 2505 1614 2560 Laurent.
1627 2504 1742 2562 Tennio.
1756 2509 1894 2582 llorlulplr.

1072 2598 1150 2641 tract.
1168 2591 1297 2642 coaretor.
1317 2607 1341 2640 c.
1360 2591 1402 2641 37.
1422 2609 1451 2642 ιι.
1471 2592 1494 2643 i.
1516 2591 1646 2658 Deinceps
1658 2594 1735 2644 etiarn
1748 2597 1882 2646 communi
1909 2589 1927 2642 0

171 2677 191 2729 0
209 2681 350 2732 censendae
364 2693 431 2742 sunt,
446 2678 540 2732 Klork
549 2679 605 2732 uel.
621 2681 650 2731 1.
660 2680 755 2732 consil.
768 2679 811 2732 li.
830 2697 857 2732 n.
868 2681 894 2732 9.
911 2688 937 2732 ot
952 2680 1026 2744 hino,
1071 2669 1251 2726 ⁰b⁵ertinlise
1269 2673 1298 2724 in
1316 2675 1367 2726 iste
1381 2674 1514 2742 provincia
1527 2677 1656 2744 congruit,
1669 2681 1740 2746 qnod
1758 2681 1888 2732 venditori

211 2763 253 2816 eoi
267 2779 325 2830 pers
338 2779 369 2816 ex
383 2753 652 2831 ioiu‚eeuprtnetprtt
663 2761 738 2826 cedit,
754 2763 792 2816 illl
801 2763 877 2816 etiem
890 2763 977 2832 portio
992 2779 1026 2814 ex

174 2849 194 2899 ’1
212 2847 363 2898 accessoriis
371 2863 414 2898 sen
423 2845 689 2914 pertinentiiscerlers
698 2844 1027 2914 debeatlmmopertinen·

184 2959 186 2964 -
210 2927 262 2978 tiae
276 2917 621 2990 inomuieontraotn‚etiam
635 2926 730 2980 leuviali
745 2926 854 2980 lundrrro
871 2937 1024 2996 sequuntur,

171 3012 191 3065 8
209 3007 266 3062 licet
276 3008 325 3060 hoo
335 3027 361 3060 ru
371 3011 459 3079 specie
467 3027 518 3061 non
528 3027 680 3079 expressum
699 3011 798 3076 ttarp.
809 3011 832 3062 2
842 3010 867 3064 d·
878 3009 1024 3063 tentione

1073 2753 1175 2821 praedii
1193 2755 1321 2825 equestris
1337 2765 1407 2810 certa
1425 2759 1558 2828 quintiles
1576 2775 1625 2829 pro
1643 2778 1710 2832 equo
1729 2761 1825 2816 feudali
1848 2763 1890 2819 de·

1072 2837 1142 2888 trahi
1155 2848 1244 2906 quenl.

1109 2921 1166 2974 lion
1185 2932 1271 2976 tamen
1289 2943 1342 2978 noo
1359 2924 1485 2988 obstante,
1503 2927 1564 2996 qnia
1577 2929 1716 2996 praedium
1728 2929 1889 3000 quveatinnis
1909 2929 1926 2980 ll

1073 3002 1205 3058 liuclorio
1222 3009 1456 3078 nonsinrpliniter,
1469 3013 1514 3064 sed
1527 3013 1574 3064 sub
1588 3025 1658 3066 certa
1672 3015 1892 3070 determinatione

212 3109 333 3160 aequum,
353 3105 378 3146 et
397 3093 448 3159 juri
462 3095 593 3147 communi
612 3105 812 3147 consentaneum
824 3101 882 3156 ear,
899 3093 971 3160 quod
982 3109 1026 3146 ees
1070 3087 1223 3140 senditem:
1243 3091 1303 3143 scil.
1317 3094 1411 3144 eodem
1427 3093 1525 3162 pretio,
1544 3113 1598 3164 quo
1609 3115 1628 3149 o
1641 3098 1759 3152 dominis
1771 3105 1892 3152 commir-

211 3178 358 3227 communie
376 3175 518 3244 eeqvnliter
537 3177 591 3231 eive
609 3193 656 3247 pro
675 3185 729 3230 rata
748 3179 941 3230 communionis
957 3179 1026 3229 divi-

211 3259 295 3312 denda
315 3261 356 3314 ait.
375 3262 392 3311 l.
412 3259 437 3313 l.
456 3279 479 3313 ι.
498 3277 635 3320 commun.
652 3259 710 3313 diu.
728 3261 748 3314 i.
766 3261 924 3333 majoribus.
951 3263 977 3314 9.
1003 3285 1027 3321 0.

208 3361 345 3408 ωιιιιιιιιιι.
366 3343 502 3415 utriusque
522 3343 609 3416 judic.
635 3345 711 3398 Sicut
737 3353 764 3398 ιι
789 3344 854 3398 elias
879 3347 1025 3414 aequalitas

209 3430 451 3494 contueremur,
470 3439 523 3482 tarn
542 3431 570 3481 in
589 3429 776 3488 contrectibna.
792 3447 870 3501 quam
890 3447 1033 3488 commem.

209 3515 271 3564 ciis.
289 3515 406 3568 liichter.
423 3514 480 3567 ciac.
497 3516 527 3566 1.
544 3531 571 3566 ιι.
589 3515 618 3565 0.
636 3512 731 3565 Klork.
750 3513 782 3568 de
801 3513 945 3566 euntridut.
964 3531 1026 3583 cop.

213 3598 259 3646 10.
275 3607 337 3651 ιιιι.
357 3598 382 3649 1.
400 3613 428 3648 ιι.
448 3597 510 3648 tot.
528 3595 606 3666 Quod
624 3598 762 3666 praecipua
788 3597 860 3664 inter
884 3594 976 3648 iratres
1000 3606 1027 3648 ιι

171 3679 196 3728 ,c
218 3696 321 3734 sorores
337 3681 458 3735 obtinere
475 3681 566 3734 debet.
584 3681 602 3732 l.
620 3697 681 3734 ιιιιιι
698 3691 785 3749 pater.
804 3683 848 3734 tr.
866 3683 889 3748 §e
907 3681 1026 3736 dulcv'arr'-

215 3763 274 3816 mir.
292 3765 335 3818 90.
346 3762 386 3831 ff.
405 3765 438 3816 rie
456 3764 506 3832 leg.
525 3765 549 3814 9.
569 3763 587 3814 l.
606 3774 636 3818 ut
652 3765 754 3818 liderr'e.
775 3767 816 3818 17.
834 3783 860 3818 o.
885 3767 917 3819 rie
933 3767 1025 3822 collat.

160 3843 196 3893 10
213 3846 348 3914 Ejusmodi
367 3846 440 3898 enim
449 3845 593 3912 aequalitas
605 3854 645 3896 cst
657 3845 799 3910 inductiva,
819 3851 956 3916 nutritiva,
967 3865 1026 3901 con·

213 3931 343 3985 acroatica
356 3939 381 3980 et
394 3927 582 3979 consolidatis·
594 3928 759 3994 concordiae,
772 3927 953 4000 fraternaeque
964 3933 1025 3986 elra-

130 4063 132 4068 ,
215 4014 304 4066 ritetis
322 4021 349 4062 et
367 4011 526 4064 alternante.
547 4009 661 4062 Selrurlf.
681 4021 752 4064 erre·
772 4014 796 4062 l.
815 4029 887 4065 eone.
899 4015 944 4066 71.
959 4033 986 4066 ιι.
1001 4016 1027 4068 9.

218 4093 285 4145 ddd.
302 4093 445 4162 Tirequell.
463 4089 573 4163 dejure
588 4091 757 4162 primogenio
776 4111 820 4162 qu.
834 4097 858 4144 1.
870 4113 899 4146 ιι.
912 4095 937 4146 0.
954 4111 1026 4166 seqq.

213 4177 333 4232 Richter.
353 4175 431 4230 decit.
449 4175 492 4226 29.
511 4191 586 4230 ιιιιιιι.
605 4175 647 4226 tlt.
668 4175 767 4230 Consil.
785 4177 918 4248 Marpurg·
937 4180 989 4232 vol.
1002 4182 1027 4232 1.

159 4269 192 4318 11
214 4279 290 4316 onnes
308 4261 351 4312 90.
370 4280 402 4314 rr.
420 4261 465 4312 99.
483 4261 560 4331 Quod
578 4261 684 4329 quidem
710 4278 756 4331 per
784 4265 949 4316 commodum
975 4267 1026 4319 ele·

212 4347 309 4402 etionis
326 4345 403 4397 tratri
423 4359 572 4397 conoessum
592 4347 703 4398 minime
720 4348 776 4400 tolli
795 4357 899 4417 potest,
917 4366 975 4402 cunr
992 4351 1027 4403 ‘ie

214 4433 263 4482 linc
280 4425 436 4483 beneficium
455 4445 507 4480 uon
526 4427 620 4481 lrabeat
644 4446 678 4482 ex
702 4431 862 4484 ttheerttnra
886 4449 1025 4503 sorororn,

213 4511 259 4566 sed
278 4515 335 4577 iure
353 4528 399 4564 suo
416 4529 445 4564 so
463 4513 622 4581 praecipuo,
640 4515 709 4582 qued
730 4515 782 4584 ipsi
802 4515 830 4567 ln
849 4513 935 4567 iendis
953 4535 1026 4569 onm-

212 4596 292 4665 petit3
311 4593 378 4646 unde
396 4596 474 4645 etiarn
495 4595 544 4644 hoc
563 4595 590 4644 in
602 4595 684 4660 ipsius
697 4595 785 4646 odinrn
801 4615 853 4650 unu
871 4601 1026 4669 detorquen-

213 4679 285 4730 dnns.
304 4675 320 4727 Ι.
339 4675 523 4744 quodsuoore
535 4677 561 4725 0.
573 4693 596 4727 c.
608 4675 723 4746 dclcgt‘d.
736 4679 754 4730 ἱ.
769 4677 853 4732 nullu.
866 4680 953 4750 diist:
966 4685 1025 4737 eorl.

161 4763 197 4815 12
250 4759 416 4827 Quepropter
433 4759 485 4822 jorn
504 4758 565 4808 satis
583 4771 702 4826 apparer,
719 4763 787 4828 quorl
803 4764 911 4816 actrices
924 4769 1026 4836 saepius

215 4849 382 4893 memoratam
402 4842 498 4908 sylvem
517 4857 564 4908 pro
583 4851 638 4894 rata
649 4839 776 4896 οοιιιιιιιιι
791 4845 856 4914 ipsis
870 4849 898 4898 in
912 4849 1024 4902 solutum

178 4915 181 4923 '
216 4925 333 4976 datorum
358 4923 477 4991 accipere
496 4935 646 4988 tenuntur,
666 4925 778 4996 indeque
796 4929 842 4982 ista
862 4932 940 5000 sylva,
962 4941 1025 4986 taru-

214 5025 291 5076 quam
305 5007 449 5076 pertinens,
461 5009 603 5060 seeundum
617 5011 813 5081 proportionem
826 5014 953 5071 ιιιιιιοιιιιιι
967 5021 1026 5073 reli.

216 5105 328 5160 quornm
347 5087 528 5144 distribuendo
552 5092 647 5147 veniat.

470 5303 671 5362 nusotnnto
707 5309 780 5366 xiv.

215 5509 257 5564 lie
275 5509 352 5564 leudo
370 5509 398 5560 in
418 5508 529 5561 solntnrr
543 5507 612 5570 dato,
628 5527 660 5560 ιιι
672 5509 707 5561 ol>
720 5509 899 5568 inhaerentem
914 5525 1027 5586 praesis·

365 5592 463 5646 tioeem
482 5593 540 5663 equi
559 5589 670 5646 leudalis
688 5591 763 5648 detor
780 5591 867 5648 ectio?

1073 3171 1155 3224 soriis
1179 3173 1294 3228 antebac
1321 3179 1513 3242 certioratum,
1539 3190 1620 3248 utque
1638 3181 1775 3234 Flaminii
1784 3189 1896 3253 ponenti

1072 3256 1205 3310 addictum
1216 3257 1282 3326 furi.
1301 3258 1390 3331 Neque
1410 3262 1504 3316 evictio
1528 3263 1622 3326 aliter,
1641 3281 1717 3332 qnam
1745 3265 1888 3319 secondum
1910 3255 1928 3307 9

1074 3336 1191 3392 neodem
1208 3341 1453 3397 determinationem
1468 3345 1611 3414 promissae
1629 3345 1697 3416 qnod
1715 3346 1771 3398 scil.
1785 3347 1806 3398 si
1822 3347 1893 3402 iorre

1074 3422 1146 3489 juxta
1162 3425 1371 3480 aestimationem
1397 3427 1556 3480 antedictam
1583 3426 1717 3498 praedium
1743 3429 1892 3485 deteriora·

1073 3516 1130 3559 torn
1148 3509 1187 3560 vel
1206 3509 1378 3578 depretiatam
1397 3509 1486 3573 inerit,
1506 3511 1630 3565 venditor
1648 3514 1698 3566 hoc
1717 3516 1826 3566 nomine
1838 3513 1893 3568 nu·

1073 3588 1165 3643 cinvio
1183 3591 1342 3660 satisfacere,
1360 3611 1389 3646 ac
1407 3594 1552 3662 periculum
1569 3596 1708 3650 evictionis
1724 3597 1753 3648 in
1768 3614 1796 3649 se
1808 3600 1892 3652 sosoi·

1072 3689 1134 3741 pere
1152 3675 1224 3728 velit.
1243 3675 1347 3730 Deinde
1364 3678 1506 3730 secundum
1532 3679 1665 3750 proposita
1691 3681 1720 3733 in
1745 3679 1816 3734 laeto
1835 3699 1887 3737 cer·
1908 3675 1927 3728 7

1072 3766 1136 3820 tum,
1154 3757 1223 3825 quod
1239 3757 1367 3812 Flaminii
1386 3763 1486 3830 [ιιιιιιιί
1506 3761 1554 3814 boc
1572 3764 1709 3830 praedium
1729 3767 1832 3832 praevia
1854 3786 1894 3819 ae·

1073 3840 1226 3892 stirnatione
1244 3840 1276 3894 ita
1295 3840 1377 3894 luerit
1395 3843 1541 3906 addietum,
1559 3857 1589 3896 ut
1606 3845 1640 3898 ob
1652 3861 1747 3912 equum
1761 3845 1891 3900 teutatem

1074 3921 1129 3989 ipsi
1149 3923 1221 3974 nilril
1237 3926 1386 3988 remissurn,
1406 3941 1455 3979 neo
1472 3927 1526 3978 ulla
1545 3923 1688 3980 sut'isi'eotio
1708 3931 1832 3993 praestito
1853 3948 1892 3982 ea·

1074 4015 1120 4056 sei.
1138 4005 1214 4056 Uudc
1229 4008 1295 4074 juris
1313 4019 1368 4070 cst,
1386 4009 1455 4075 quod
1480 4025 1514 4060 ex
1538 4010 1666 4077 qn'alitale
1692 4010 1791 4077 adjecta
1809 4005 1927 4080 quati-8

1073 4081 1167 4138 dicetur
1185 4087 1244 4155 ipae
1260 4099 1332 4140 aotns
1350 4089 1389 4140 vel
1407 4101 1573 4156 contractus,
1596 4101 1624 4145 et
1649 4093 1735 4146 eidem
1762 4094 1891 4146 diversam

1074 4177 1193 4242 naturam
1207 4169 1310 4224 induat.
1323 4173 1446 4226 mannen.
1460 4173 1511 4225 ool.
1527 4176 1551 4224 1.
1565 4175 1660 4248 consil.
1674 4177 1718 4230 tn.
1730 4193 1756 4228 rr.
1773 4178 1815 4227 1³.
1830 4179 1896 4246 liip-

1074 4253 1127 4323 pol.
1144 4253 1177 4304 ele
1194 4254 1297 4306 Marsii.
1314 4255 1446 4325 singular.
1466 4256 1527 4309 tto.
1546 4257 1667 4326 Adeoque
1684 4259 1833 4312 Flaminius
1846 4280 1893 4332 pro
1913 4252 1930 4303 9

1074 4333 1181 4406 praedio
1199 4337 1250 4388 isto
1268 4353 1320 4389 non
1339 4340 1389 4390 alia
1408 4341 1507 4394 ratione
1525 4341 1679 4396 evictionem
1699 4355 1830 4412 praestare
1850 4357 1890 4397 te·

1073 4429 1159 4494 netur,
1176 4437 1256 4488 quant
1275 4421 1344 4472 sicut
1363 4421 1446 4490 ipsius
1466 4424 1567 4490 parenti
1588 4423 1653 4475 illud
1672 4437 1725 4477 erat
1742 4427 1891 4480 addictum.

1073 4503 1234 4560 Vendidisse
1252 4505 1324 4556 enim
1343 4503 1442 4559 videtur
1460 4509 1501 4573 jos
1518 4523 1603 4571 snum,
1621 4509 1690 4576 qnod
1709 4509 1787 4568 hebet
1805 4511 1835 4562 in
1848 4515 1894 4566 tali

1073 4593 1194 4666 praedio,
1212 4609 1264 4660 quo
1284 4606 1343 4642 ιιιιι
1361 4591 1394 4644 ad
1412 4593 1568 4647 evictionem
1588 4610 1640 4645 nou
1667 4605 1777 4647 tenatur.
1802 4594 1894 4647 Cabel-

1073 4680 1121 4730 lin·
1139 4679 1172 4730 de
1188 4679 1269 4730 evici.
1287 4673 1308 4745 5,
1328 4676 1353 4728 d.
1371 4691 1397 4727 ιι.
1417 4676 1460 4728 30.
1477 4675 1546 4744 quod
1565 4677 1717 4744 praesertim
1736 4677 1846 4738 obtinet,
1866 4680 1890 4732 si

1072 4771 1177 4831 emptor
1194 4760 1346 4830 qualitatem
1363 4760 1446 4826 juris,
1464 4757 1533 4826 quod
1554 4759 1672 4811 venditur
1691 4759 1819 4822 habebat,
1838 4763 1891 4814 rci-

1072 4849 1149 4902 rcrit.
1169 4848 1325 4898 Hartmann.
1345 4843 1441 4895 Pistor.
1459 4843 1514 4895 eds.
1533 4842 1595 4894 212.
1614 4861 1642 4894 ιι.
1661 4843 1707 4894 90.
1722 4860 1776 4914 req.
1803 4845 1892 4912 Neque
1912 4851 1947 4902 10

1073 4947 1132 4985 vero
1151 4929 1276 4981 Bmkorii
1294 4927 1428 4996 praedium
1446 4925 1632 4994 quaestioniaa
1647 4928 1761 4980 ser-vitiis
1775 4927 1887 4982 liberum

1074 5015 1101 5067 io
1121 5015 1233 5066 solutum
1251 5023 1291 5066 ast
1307 5011 1404 5072 datum,
1422 5009 1466 5062 sed
1487 5017 1586 5060 tantum
1605 5025 1635 5062 eu
1655 5011 1739 5071 morlo,
1752 5021 1890 5078 quoaotea

1074 5097 1198 5150 Flaminii
1218 5095 1319 5164 parenti
1338 5093 1469 5144 addictum
1489 5091 1582 5143 luerat.
1594 5095 1655 5144 Jam
1667 5111 1737 5155 vern,
1748 5097 1808 5162 quia
1822 5113 1887 5148 orius
1908 5099 1941 5148 il

1074 5181 1133 5251 equi
1153 5179 1264 5232 lenrlalis
1283 5177 1362 5230 tacite
1384 5175 1493 5228 tendum
1520 5179 1607 5243 ipsum
1632 5177 1763 5244 sequitur,
1788 5177 1889 5232 Flami-

1075 5266 1135 5317 nius
1153 5283 1183 5316 eo
1201 5262 1308 5314 nomine
1327 5260 1394 5312 trud
1412 5261 1542 5326 obligatus
1560 5265 1617 5320 ectr
1630 5275 1681 5310 non
1702 5261 1773 5310 enirn
1789 5273 1892 5314 tenetur

1074 5347 1193 5402 venditor
1210 5344 1350 5397 evictionis
1375 5341 1482 5395 nomine
1498 5339 1534 5393 ob
1558 5339 1622 5404 hoe,
1644 5341 1713 5410 qnod
1732 5343 1812 5395 tacite
1830 5345 1894 5398 solet

1075 5430 1205 5493 eceerlere,
1223 5429 1275 5481 uisi
1289 5426 1385 5479 lnudus
1398 5437 1425 5477 ut
1437 5425 1550 5494 optimus
1565 5424 1695 5478 miximus
1713 5424 1821 5476 truditur
1836 5424 1890 5480 lue·

1076 5515 1122 5568 rit.
1140 5513 1158 5565 i.
1175 5510 1250 5583 quod
1264 5511 1302 5564 od
1315 5511 1456 5564 servitutes
1479 5525 1543 5574 perr.
1559 5507 1601 5575 ff.
1627 5509 1660 5560 de
1683 5507 1763 5560 aoirt.
1786 5505 1888 5562 scilicit
1908 5525 1943 5578 η

1076 5595 1148 5650 enirn
1164 5595 1230 5647 alias
1247 5592 1374 5664 praestari
1392 5589 1512 5656 lundon,
1530 5593 1615 5662 qualia
1633 5603 1681 5646 est·
1699 5592 1717 5644 1.
1744 5609 1805 5646 ιιιιιι
1825 5611 1890 5648 vera·

2054 5690 2136 5720 A
