4346 6194
402 273 472 328 ιιιι
969 253 1185 326 'urssuuran
1204 267 1320 327 ctrnr
1338 273 1420 330 xxn.

349 373 432 419 tatem
463 361 591 417 condendi
617 373 644 417 et
670 363 829 420 emendandi
852 363 1047 419 ordinationem
1074 367 1170 433 judieii
1219 368 1334 422 omnino
1352 371 1482 438 integrum
1502 375 1605 431 serrets
1623 361 1693 436 qnod
1711 381 1771 420 ente
1797 365 1899 438 pariter
1925 369 1955 422 in
1980 387 2041 424 eeu·

347 451 425 503 aulici
440 450 491 502 sibi
512 449 562 502 soli
575 448 758 512 rindiearerit,
772 459 799 504 et
813 461 920 519 excepto
932 453 1045 504 electore
1057 451 1167 518 Mogon-
1222 462 1299 520 cepto
1317 452 1513 524 capitulationis
1531 459 1671 522 perpetuae
1688 450 1798 515 lactum,
1810 461 1837 504 et
1855 468 1989 521 nunqtram
2003 453 2039 524 pti

345 531 403 585 tino
420 534 582 603 reliquorum
599 545 710 586 statuum
730 535 843 600 arbitrio
867 535 940 585 illam
966 549 1099 602 exponere
1119 551 1166 586 uu·
1221 553 1313 590 recess.
1332 541 1432 592 noeirs.
1449 549 1625 609 provocatum,
1641 550 1712 592 certe
1731 538 1756 592 ri
1775 539 1904 592 clausolae
1921 539 2037 595 releren-

305 653 309 662 .
346 617 440 679 luerit,
457 635 521 685 quae
542 635 582 668 res
602 619 770 672 occasionem
789 617 968 686 suppeditavit
987 617 1119 682 statibus,
1139 629 1168 672 ut
1194 645 1199 704 Ι
1223 621 1258 672 tis
1276 624 1305 674 in
1324 624 1512 692 capitulatione
1529 625 1682 692 appositae,
1702 623 1788 675 salsus
1808 639 1840 674 ex
1861 624 2040 678 instrumento

347 699 375 748 iu
392 697 501 749 monitis
519 701 705 752 comminuibus
725 703 755 751 ad
771 703 986 770 capitulationem
1002 686 1166 754 nnno1d58
1194 707 1200 780 Ι
1219 704 1295 772 pacis
1313 707 1365 758 erit
1383 705 1492 760 allectus
1515 709 1692 776 suspensisus,
1717 723 1764 758 nec
1783 705 1815 760 ad
1834 723 1968 760 recessum
1989 709 2041 760 im·

348 777 375 830 d.
395 781 438 831 1¹1.
457 781 534 844 april.
554 781 683 833 exhibitis
702 783 740 836 ad
766 795 818 835 nrt.
840 784 882 834 ⁴2.
909 785 970 836 haee
994 785 1025 834 ad
1049 787 1054 798 ”
1082 789 1167 840 solue·
1194 787 1200 872 l
1222 789 1292 856 perii
1311 789 1575 860 conlugiendurn,ad
1593 807 1671 857 quern
1694 789 1764 840 niella
1784 807 1897 858 uuquurn
1918 790 1945 840 iu
1964 792 2034 857 capi·

348 863 415 916 rint:
443 863 517 916 Dosa
540 865 583 916 die
612 865 709 916 Rer'elrs
734 867 802 935 llos
810 867 1086 938 Gerielns·0rdi1drg
1109 870 1177 938 nieff
1195 876 1200 928 Ι
1224 873 1520 943 tutationibus,quoud
1540 874 1588 926 hue
1606 867 1779 934 beneficium,
1808 870 1875 922 laeta
1896 872 2040 925 remissio.

346 943 494 1014 gelenltnen
514 945 586 997 [latit
614 947 662 998 mit
682 949 896 1014 Clitar-Fiirsten,
917 953 1111 1006 Flirsten‘nnd
1133 955 1172 1004 St·
1195 935 1200 990 Ι
1222 953 1262 1010 Nc
1279 965 1365 1008 autern
1386 975 1449 1026 quae
1469 957 1516 1008 buc
1535 957 1620 1026 capite
1638 956 1819 1008 auctorisante
1832 956 1962 1025 opposita,
1974 956 2041 1006 alio·

349 1031 475 1092 nenden,
494 1029 553 1082 und
567 1033 634 1083 uncle
669 1031 806 1086 desselben
838 1036 1014 1105 Gutbestuden
1032 1040 1089 1091 und
1109 1041 1176 1094 Ein·
1195 1059 1200 1118 Ι
1222 1055 1279 1089 rum
1300 1056 1428 1092 coissensu
1454 1039 1580 1092 destituta
1607 1039 1765 1102 rideantur,
1797 1055 1848 1090 non
1874 1055 1951 1106 aegre
1979 1037 2039 1094 lere

349 1113 490 1182 willigung
507 1133 539 1166 au
558 1115 717 1184 uerffissen.
735 1117 800 1168 Cum
820 1135 881 1170 rcrn
900 1121 948 1170 hoe
967 1122 1101 1190 bucusque
1122 1133 1171 1174 sta·
1195 1121 1200 1229 p
1223 1123 1417 1176 dissertationis
1435 1133 1548 1188 auctor,
1567 1123 1612 1186 si,
1630 1139 1688 1174 curn
1708 1121 1759 1172 huc
1777 1138 1858 1190 usque
1876 1122 2029 1175 attctoritati

349 1211 388 1252 tus
408 1215 459 1249 nou
477 1197 658 1262 obtinuerint,
677 1198 759 1253 lacile
776 1213 902 1272 apparet,
919 1219 965 1254 uec
984 1205 1171 1272 imperatorem
1220 1205 1269 1258 bus
1287 1207 1374 1260 studio
1393 1223 1507 1276 pugnare
1527 1205 1678 1262 noluerim,
1698 1205 1857 1256 seutentiam
1878 1208 1989 1257 tutoris
2006 1204 2039 1256 ad

348 1282 509 1335 Fet-dinaud.
530 1284 577 1334 tlt.
597 1285 665 1354 ipsis
684 1295 745 1336 tune
768 1287 893 1355 temporis
912 1287 1075 1354 indulsisse,
1095 1301 1120 1344 ut
1139 1291 1172 1345 tle
1194 1240 1199 1350 i
1221 1307 1272 1341 rec.
1291 1288 1352 1352 imp.
1371 1292 1470 1342 noviss.
1488 1287 1556 1354 disp.
1577 1290 1620 1338 1³-
1640 1287 1677 1338 td.
1696 1289 1741 1338 62.
1767 1288 1835 1338 mibi
1855 1287 1932 1356 plene
1950 1305 2040 1340 conso-

348 1367 451 1436 judieio
469 1368 594 1420 revisoria
621 1369 649 1417 iu
676 1383 778 1421 camera
805 1371 886 1437 legem
914 1372 1071 1438 enstelituri,
1092 1371 1170 1427 tacite
1194 1354 1198 1438 i
1221 1391 1280 1424 narn
1300 1377 1435 1442 conceptis
1453 1372 1486 1424 ab
1505 1373 1564 1440 ipso
1584 1371 1671 1423 serbis
1689 1371 1838 1424 adduxero:
1865 1389 1903 1425 ιτ
1927 1371 2039 1442 disposi-

351 1451 431 1502 etinm
450 1451 612 1504 ordinationi
631 1453 723 1520 judicii
743 1455 820 1506 aulici
840 1454 931 1508 eodem
964 1467 1079 1526 tempore
1107 1477 1170 1514 eon·
1219 1457 1510 1526 sioneiu·trum.pac·
1531 1453 1654 1524 §.quoad
1674 1455 2037 1527 Pf⁰⁰²⁵⁵⁰ml55·⁸¹1n1¹'⁶⁰·

1916 273 2006 330 sttt,
2079 273 2104 310 ·’

351 1533 423 1586 ditae
441 1535 602 1604 derogarent.
624 1538 800 1606 Quapropter,
818 1538 886 1607 quod
907 1549 1035 1592 mutuatum
1056 1559 1106 1594 oon
1121 1554 1169 1608 est,

350 1637 431 1688 quere
449 1631 517 1671 stare
539 1620 725 1689 prohibeatur:
744 1633 771 1673 et
789 1641 802 1672 a
821 1623 906 1672 simili
921 1626 948 1676 in
963 1628 1023 1692 jore
1036 1645 1101 1679 noro
1114 1647 1171 1680 cor-

350 1703 465 1755 rectorio
485 1716 668 1774 argumentum
689 1705 747 1756 duci
769 1722 821 1758 non
841 1725 931 1776 posse,
952 1709 995 1760 sed
1017 1711 1064 1760 boe
1083 1711 1170 1780 [totius
1193 1699 1196 1708 ¹

352 1786 578 1856 restringendum,
597 1805 675 1856 quam
696 1788 895 1840 extendentium
914 1808 988 1854 esse,
1007 1805 1108 1861 recepta
1128 1796 1170 1845 in·

351 1878 393 1922 ter
410 1875 475 1938 juris
495 1873 653 1940 interpretes
670 1873 824 1924 obsecratio
843 1885 897 1926 est.
924 1877 995 1928 llinc
1023 1895 1106 1946 quoq;
1134 1878 1169 1930 la·

349 1962 438 2016 ctum,
458 1953 540 2022 quod,
562 1956 663 2024 quando
683 1955 709 2006 in
729 1957 948 2036 subseqnentibus
968 1960 1167 2032 capitulationi-

349 2037 400 2090 bus
418 2037 548 2104 Leopold.
569 2050 624 2092 art.
644 2039 678 2089 tu
708 2050 733 2092 et
753 2041 864 2110 Josepd.
884 2053 937 2096 nrt.
956 2043 1002 2096 tt.
1033 2046 1107 2114 hujus
1125 2047 1170 2098 be·

351 2116 443 2172 ueficii
464 2121 609 2188 injudicio
632 2123 716 2174 aulico
747 2127 845 2196 recepti
872 2128 972 2180 tuentio
994 2125 1046 2195 fit,
1066 2149 1118 2182 non
1138 2131 1169 2182 ad

350 2219 445 2257 recess.
465 2205 559 2274 imper.
580 2205 676 2261 noviss.
696 2208 740 2260 sed
760 2208 791 2258 ad
812 2211 934 2264 instrum.
955 2215 1028 2280 pacis
1048 2215 1170 2266 remissio

351 2285 411 2349 liat,
430 2287 487 2340 scil.
506 2289 647 2342 secundum
663 2291 712 2341 linc
727 2291 872 2344 remedium
886 2293 951 2346 illud
965 2297 1170 2365 instituendum

350 2375 396 2426 hic
414 2390 474 2425 rcro
493 2369 599 2424 effectus
618 2377 787 2442 suspensirus
813 2376 962 2429 clurissime
980 2377 1122 2444 fundatus,
1142 2393 1172 2434 ut

349 2458 456 2510 iterim
476 2457 555 2510 claris
574 2455 663 2532 serbis
682 2457 760 2512 laniat
787 2472 893 2522 strator,
922 2478 1069 2531 processum
1095 2467 1171 2535 hujus

350 2537 479 2593 beneficii
498 2559 551 2594 uon
571 2557 603 2592 ex
630 2541 752 2594 instrum.
776 2559 833 2612 pac.
860 2544 905 2598 sed
934 2563 1038 2600 recessu
1064 2549 1172 2618 imperii

352 2619 544 2680 nestimautlum
555 2642 614 2677 esse
627 2626 795 2680 contendens.
813 2625 946 2682 Corruuut
959 2629 1007 2681 hae
1021 2633 1122 2686 ratione
1135 2653 1172 2688 re·

352 2711 426 2780 lique
444 2712 551 2774 omnia,
569 2727 633 2780 quae
653 2727 701 2779 pro
720 2712 878 2764 remorando
897 2711 994 2769 ellectu
1019 2719 1170 2783 suspensivo

353 2793 462 2846 adducit
479 2807 568 2846 auctor
579 2832 587 2858 ,
606 2810 665 2846 cum
685 2793 846 2860 conjecturis
873 2811 925 2848 non
952 2796 1171 2866 disceptandum,

353 2879 399 2930 ubi
418 2890 488 2930 certo
506 2881 563 2946 jure
583 2878 705 2930 nitimur.
723 2877 808 2944 Urget
828 2875 885 2944 ipse
903 2878 1050 2946 aliquoties,
1064 2881 1170 2932 celerio-

353 2979 409 3016 rem
430 2977 582 3032 processum
602 2977 658 3012 esse
678 2961 705 3010 in
724 2960 823 3028 jndicio
842 2960 942 3024 aulico;
961 2960 1018 3025 sed,
1037 2979 1095 3013 cum
1116 2965 1169 3032 pie·

355 3065 466 3117 rumque
484 3045 623 3101 festinatio
642 3046 678 3098 sit
697 3045 845 3110 injustitiae
864 3058 961 3110 mater,
980 3047 1059 3098 citius
1085 3048 1112 3099 iu
1131 3051 1170 3115 ju·

354 3133 426 3184 dteio
444 3131 528 3184 aulico
546 3127 739 3182 eoncedendum
754 3127 807 3180 luit
820 3130 968 3182 remedium
981 3130 1170 3199 suspensivumt

353 3234 433 3286 qnam
453 3217 481 3267 in
500 3213 756 3283 judiciocanrerali,
777 3213 821 3266 ubi
848 3216 926 3285 pleno
954 3232 1077 3284 processu
1095 3235 1170 3286 espe-

354 3301 465 3354 diuutnr
482 3315 595 3366 causae,
616 3311 641 3354 et
659 3299 729 3354 nibil
754 3300 883 3352 intactum
910 3302 1086 3370 relinquitur,
1103 3301 1171 3372 qnod

354 3385 387 3438 ad
406 3384 630 3438 accuratissimam
651 3401 743 3436 causae
756 3384 933 3450 coguitionem
949 3387 1083 3454 pertinere
1101 3395 1173 3455 pote·

355 3478 419 3520 rat.
437 3467 473 3522 Itu
491 3485 551 3538 ergo
570 3471 597 3520 in
615 3467 717 3536 judicio
737 3469 821 3521 aulico
840 3467 979 3522 favendum
998 3481 1038 3522 est
1058 3472 1172 3538 sirtori,

356 3567 391 3603 ne
409 3551 493 3604 rictus
511 3571 526 3605 a
542 3549 678 3605 beneficio
696 3553 797 3622 legibus
816 3555 921 3624 prodito
939 3553 1103 3606 excludatur.
1121 3555 1170 3606 Vi·

355 3635 405 3688 deo
422 3638 532 3706 quidem
564 3655 691 3706 reponere
715 3647 848 3692 auctorem
875 3638 1086 3704 dissertationis,
1104 3639 1172 3691 vieto

356 3736 403 3789 per
422 3721 573 3772 cautionem
595 3722 749 3790 praestitam
771 3719 871 3773 consuli
891 3739 986 3790 posse;
1009 3722 1050 3772 cui
1077 3722 1174 3772 merito

356 3807 523 3874 replicamus,
543 3807 625 3873 magis
647 3805 786 3876 expedire,
809 3822 863 3856 reus
883 3807 979 3858 salsam
999 3823 1078 3870 esse,
1096 3823 1174 3875 quam

358 3889 459 3942 tabulas
477 3890 607 3942 cautionis
627 3890 659 3942 de
688 3889 866 3940 indemnitate
893 3890 1008 3942 habero.
1026 3891 1045 3942 1.
1063 3890 1087 3942 5.
1106 3899 1132 3942 et
1150 3891 1175 3941 li.

349 3969 392 4042 ff.
414 3971 447 4025 de
464 3983 574 4041 suspect.
592 3983 673 4026 tutor.
695 3971 735 4023 An
755 3989 814 4026 tero
833 3971 880 4022 bac
906 3975 1009 4026 rutiooc
1026 3984 1107 4026 status
1125 3973 1174 4024 im·

356 4054 425 4125 perii
444 4072 532 4110 causas
551 4073 609 4108 suas
627 4057 760 4109 lubentius
787 4073 902 4108 camerae
919 4076 995 4127 quatu
1017 4058 1116 4126 judicio
1133 4075 1176 4110 ιιι-

359 4139 411 4192 lico
429 4139 485 4191 siut
504 4140 673 4203 submissuri,
693 4158 785 4210 parum
806 4145 931 4193 momeuti
952 4143 994 4192 liic
1012 4141 1104 4194 ullerre
1117 4151 1175 4210 pot·

359 4236 420 4278 ests
442 4237 504 4278 sunt
522 4227 594 4278 euim
616 4225 678 4276 haec
698 4227 750 4276 duo
772 4243 873 4277 summa
901 4224 963 4293 imp.
990 4224 1088 4292 judicia
1115 4242 1175 4278 eou-

360 4321 484 4362 currente
501 4309 690 4380 jurisdictiope
709 4312 845 4374 instructa,
868 4311 911 4364 ubi
930 4311 1024 4380 cuique
1042 4312 1123 4366 libera
1136 4327 1177 4367 est

359 4395 465 4460 electio,
485 4395 529 4448 obi
549 4396 621 4447 litent
643 4396 775 4448 intentare
793 4396 872 4448 velit.

397 4479 474 4547 Quod
494 4481 521 4532 in
551 4479 659 4549 capitul.
688 4479 809 4549 leopold.
835 4491 887 4536 ort.
912 4481 955 4533 ll.
981 4484 1123 4536 sententiae
1147 4483 1175 4536 io

347 4563 461 4634 'judicio
479 4564 567 4616 aulico
586 4581 643 4616 cum
666 4565 753 4616 debite
772 4580 862 4616 causae
879 4567 1111 4634 coguitinuelutae,
1125 4588 1175 4622 non

359 4649 464 4710 mutari,
484 4647 528 4698 sed
548 4648 696 4700 executioni
718 4633 841 4700 mauilari
855 4651 977 4715 debeant,
997 4651 1044 4704 boc
1063 4653 1177 4722 impera·

360 4739 444 4782 torem
465 4729 553 4799 ipsum
574 4733 712 4800 praecipue
731 4733 849 4801 stringit,
864 4750 896 4784 ne
917 4734 945 4784 iu
963 4736 1076 4796 consilio
1094 4755 1177 4792 secre-

360 4812 425 4865 tiori
447 4813 613 4867 mutationem
635 4815 779 4884 suscipiat,
806 4828 850 4868 eut
875 4819 1049 4872 executionem
1070 4818 1177 4872 dillerri

359 4893 480 4961 mandet,
499 4899 571 4962 cujus
593 4897 628 4948 rei
649 4899 771 4967 exempla
789 4917 841 4953 nun
854 4899 943 4969 ignota
958 4913 1026 4954 suut.
1040 4904 1091 4956 Sed
1106 4906 1175 4974 perti

358 4979 442 5034 victae
461 4979 619 5032 beneficium
638 4981 864 5052 supplicationis,
883 4984 952 5052 quod
971 4986 1012 5038 ibi
1036 4989 1176 5042 revisionis

359 5061 466 5127 dicitur,
484 5081 608 5134 expresse
627 5077 783 5132 reservatur,
804 5079 832 5120 ut
851 5069 897 5121 illo
914 5069 1030 5134 fruator,
1049 5076 1173 5142 prout-iu

358 5146 479 5200 instrum.
500 5167 555 5218 pac.
574 5147 736 5217 dispositum
756 5161 806 5218 est,
827 5141 860 5206 ro.
881 5165 909 5207 nt
927 5159 1099 5228 suspendatur
1118 5175 1174 5216 exe·

359 5231 508 5287 entiosNee
524 5251 556 5286 ex
575 5236 628 5289 situ
647 5237 784 5291 verborum
798 5239 992 5308 capitulationis
1010 5245 1172 5299 contrarium

358 5321 464 5373 criucet
481 5330 584 5383 auctor,
604 5319 625 5372 si
647 5321 722 5374 rerba
741 5319 773 5376 alt
792 5321 861 5392 imp.
879 5323 987 5394 ipsum,
1006 5335 1034 5378 et
1057 5327 1089 5378 ad
1112 5347 1171 5398 par-

357 5415 409 5457 tem
430 5401 521 5456 rictum
542 5405 713 5475 pertinentia,
733 5404 816 5473 probe
837 5408 1005 5475 separareris.
1023 5410 1101 5462 Unde
1126 5431 1174 5468 nec

299 5547 301 5551 ¹
358 5483 491 5542 necessum
512 5487 574 5554 tuit,
593 5503 622 5544 ut
639 5491 823 5560 capitulationi
842 5492 1003 5561 iosepbioae
1023 5497 1073 5549 alia
1093 5499 1171 5554 serbe

358 5590 408 5642 pro
428 5572 592 5626 detuuteudo
614 5575 822 5644 supplicationis
840 5573 937 5628 ellectu
956 5583 1110 5650 suspensiro
1129 5588 1171 5638 in-

360 5671 517 5730 sererentur,
537 5675 594 5714 sum
615 5660 740 5714 remissio
758 5663 790 5714 ed
810 5662 885 5734 pacis
904 5663 1030 5724 instrum.
1048 5673 1170 5730 eumdem

1218 1542 1256 1594 tio
1274 1541 1384 1594 inducto
1402 1551 1441 1592 est
1459 1541 1601 1609 obsolute,
1624 1551 1649 1596 ut
1667 1538 1813 1592 remedium
1832 1542 2038 1610 suspensivum,

1221 1625 1349 1678 nimirum
1366 1626 1427 1677 loeo
1447 1625 1598 1680 revisionis
1616 1625 1766 1690 cnmeroiis,
1779 1643 1849 1695 quere
1866 1637 1923 1677 tum
1943 1635 2039 1692 tempo·

1220 1711 1258 1758 ris
1270 1709 1299 1760 iu
1312 1709 1404 1776 regulo
1414 1708 1503 1764 aeliane
1515 1709 1627 1766 debebat
1638 1709 1765 1777 effectum
1777 1709 1961 1777 suspensurum
1974 1709 2037 1760 sim·

1218 1793 1329 1854 pliciter.
1347 1795 1378 1844 E.
1390 1794 1451 1844 iicet
1461 1802 1555 1860 postea
1567 1794 1596 1845 in
1612 1793 1791 1848 revisionibut
1802 1791 1916 1860 effectus
1926 1806 2035 1859 suspen·

1218 1881 1288 1932 st'uus
1304 1896 1351 1940 per
1368 1896 1391 1930 r.
1401 1880 1426 1950 j
1441 1877 1636 1946 nouiss.suerit
1648 1889 1778 1944 cassum,
1792 1895 1850 1930 nors
1863 1887 1956 1930 tomen
1971 1877 2037 1930 does

1218 1964 1383 2016 correctoria
1396 1963 1533 2030 dispositio
1548 1961 1723 2015 eeteudendo
1736 1961 1843 2014 uidetur
1855 1959 2037 2028 struppum

1219 2047 1319 2098 tionem
1333 2047 1525 2118 eulieijuuliet'i
1537 2064 1642 2116 orgum.
1656 2045 1726 2115 otelg.
1751 2046 1767 2097 l
1790 2045 1974 2112 praecipimus
1994 2047 2038 2098 32

1219 2131 1308 2199 infin.
1322 2149 1345 2183 c.
1356 2133 1390 2184 ne
1402 2133 1498 2200 appell.
1512 2133 1569 2186 Nee
1582 2131 1688 2196 obstat,
1710 2131 1758 2182 sed
1779 2129 1926 2200 confirmat
1951 2128 2038 2198 magis

1219 2216 1291 2268 lsnnc
1301 2219 1461 2269 seutentiam
1476 2235 1534 2284 cop.
1549 2233 1623 2271 coes.
1634 2229 1688 2272 ort.
1699 2217 1743 2268 il.
1754 2217 1783 2269 in
1797 2216 1881 2268 uerbis
1891 2215 1963 2281 iilis,
1982 2216 2039 2270 und

1221 2299 1348 2368 nirgends
1359 2303 1461 2353 andere
1474 2312 1525 2354 ete.
1539 2319 1591 2354 son
1605 2319 1690 2356 neuen
1705 2303 1735 2354 in
1747 2301 1887 2369 cognition
1899 2320 2037 2372 peragro,

1220 2383 1289 2436 norb
1303 2386 1396 2438 elersen
1414 2383 1572 2448 Execution
1585 2386 1745 2452 gedindert;
1757 2382 1973 2454 quondoquidem
1993 2403 2039 2438 en·

1220 2471 1307 2532 ceptio
1321 2469 1489 2532 intermedio,
1504 2469 1542 2522 idi
1549 2490 1559 2533 ,-
1577 2487 1606 2522 es
1616 2488 1664 2540 sey
1676 2473 1747 2524 deun
1759 2469 1843 2524 alurede
1862 2469 1916 2522 den
1926 2469 2037 2523 orient·

1219 2552 1309 2604 lielten
1329 2553 1396 2622 Weg
1408 2555 1488 2606 deren
1514 2551 1543 2606 in
1564 2551 1767 2620 offiermeldteo
1784 2551 2040 2608 Fundana-sentus

1220 2635 1345 2690 beliebter
1357 2638 1489 2702 revision,
1501 2639 1672 2690 eontrarium
1686 2640 1761 2692 naun
1779 2639 1891 2692 obscure
1901 2635 2037 2706 indigitat,

1220 2734 1297 2784 posse
1310 2737 1346 2772 sc.
1358 2721 1466 2774 decreto
1477 2722 1580 2792 judicii
1590 2723 1674 2774 uuiroi
1683 2733 1709 2774 et
1721 2720 1827 2774 nouiter
1836 2722 1932 2772 uenire
1951 2722 1980 2772 in
1992 2738 2050 2776 ιο·-

1218 2804 1386 2869 gnitt'onemt
1400 2816 1425 2858 et
1438 2807 1465 2857 in
1479 2806 1534 2856 illis
1545 2807 1731 2860 executionem
1743 2809 1870 2872 suspendi
1880 2807 2037 2877 interpodto

1222 2888 1355 2942 reuisione
1367 2890 1426 2954 illo,
1444 2891 1503 2942 siue
1521 2890 1718 2959 supplicatione
1739 2909 1791 2958 per
1814 2890 1939 2946 instrum.
1960 2890 2037 2964 pocr's

1219 2971 1342 3026 inducto.
1356 2979 1389 3028 In
1402 2993 1483 3043 quem
1497 2976 1662 3030 sententium
1679 2994 1712 3029 eo
1730 2977 1850 3042 pronior·
1868 2991 1949 3039 sum,
1966 2976 2037 3044 quod

1219 3059 1465 3123 oreimoduerterim,
1479 3060 1625 3112 seruentius
1637 3061 1667 3113 in
1688 3059 1778 3116 aulico
1790 3061 1916 3133 judicio,
1935 3070 2035 3113 eontra

1221 3159 1290 3210 prens
1302 3161 1336 3196 ne
1348 3145 1505 3212 supplicatio
1519 3146 1623 3214 quidem
1644 3146 1744 3201 isthaec
1755 3145 1922 3215 formaliter
1944 3142 2036 3213 implo-

1221 3237 1283 3279 rata
1302 3226 1403 3296 fuerat
1418 3265 1429 3296 ,
1447 3231 1624 3284 nibilominus
1652 3234 1733 3286 certis
1751 3250 1786 3288 ee
1803 3229 1889 3285 causis
1906 3245 1964 3284 esse
1987 3243 2033 3278 trs·

1225 3329 1353 3378 sponsas.

1470 3437 1656 3495 CAPUT
1691 3439 1789 3494 xxttt.

1291 3565 1397 3618 Perelio
1416 3563 1594 3622 restitutionis
1605 3565 1633 3619 in
1645 3564 1777 3631 integrum
1791 3579 1847 3615 non
1860 3576 1968 3632 semper

1453 3649 1592 3720 suspendit
1608 3647 1805 3704 executionem.

1225 3745 1415 3855 Restitutioni
1437 3804 1465 3856 iu
1486 3805 1616 3874 integrum
1635 3803 1758 3860 ellectum
1785 3799 1968 3871 snspeusirnm
1994 3815 2038 3853 re·

1224 3887 1349 3953 gulsriter
1367 3899 1535 3958 competere,
1550 3889 1691 3940 clarissimi
1711 3889 1776 3956 juris
1795 3897 1835 3939 est
1856 3903 1902 3954 per
1921 3885 1979 3937 ord.
1999 3903 2042 3937 eo-

1224 3989 1289 4023 mer.
1301 3985 1369 4042 port.
1388 3975 1412 4024 ³.
1427 3976 1468 4026 tit.
1482 3975 1523 4024 51.
1544 3973 1575 4024 Et
1593 3973 1710 4042 quamtis
1729 3973 1768 4024 ibi
1786 3987 1872 4035 casus,
1890 3969 1911 4021 si
1931 3967 2040 4023 restitn-

1226 4055 1265 4106 tio
1282 4056 1442 4110 calumniose
1460 4061 1553 4125 petita,
1573 4059 1740 4128 excipiatur3
1760 4073 1811 4108 nun
1832 4065 1918 4107 tamen
1936 4069 2043 4122 praesn-

1226 4141 1317 4192 meuds
1338 4152 1376 4192 est
1395 4143 1535 4205 celrtmnia.
1554 4145 1607 4196 nisi
1627 4146 1690 4196 baec
1710 4145 1851 4206 doceatur,
1871 4141 1903 4192 ed
1922 4137 1991 4209 quod
2010 4158 2040 4188 ο·

1226 4228 1318 4280 moino
1337 4245 1426 4280 causae
1445 4227 1598 4294 cognitione
1616 4243 1681 4295 opus
1701 4237 1758 4293 est,
1777 4243 1822 4296 per
1842 4224 1918 4277 rerba
1946 4223 1971 4276 d.
1999 4236 2043 4272 or·

1224 4311 1390 4364 dimenmer.
1404 4312 1463 4362 solt
1484 4313 1737 4366 Commer·1iicbter
1762 4309 1818 4362 und
1838 4309 1977 4376 Beysitser
1998 4307 2044 4359 ein

1214 4395 1353 4466 fleissiges
1366 4397 1506 4450 Einseden
1519 4397 1616 4462 leuben,
1630 4399 1689 4452 und
1697 4400 1739 4450 'wo
1753 4397 1790 4448 sie
1810 4392 1965 4463 defunden,
1979 4395 2044 4446 dass

1225 4481 1267 4534 die
1280 4480 1437 4535 restitution
1452 4485 1617 4536 calumniose
1629 4483 1696 4536 oder
1705 4479 1899 4552 gesueiirlielier
1909 4476 1988 4532 sveise
1999 4495 2042 4544 ge·

1225 4565 1519 4636 inclementioresque
1538 4583 1599 4634 ergo
1619 4563 1801 4633 suspendenda
1828 4574 1867 4614 est
1893 4559 2043 4612 sententiae

1227 4651 1373 4718 imperialis
1392 4655 1519 4718 executio,
1538 4651 1620 4704 donec
1637 4648 1781 4702 summarie
1793 4646 1825 4698 de
1843 4643 2044 4714 graramiuilsus

1225 4735 1380 4804 cognitum.
1400 4736 1471 4787 idem
1490 4754 1550 4805 ergo
1568 4737 1646 4792 etiam
1667 4736 1695 4787 in
1714 4734 1812 4802 iudicio
1829 4731 1915 4786 aulico
1939 4729 2040 4782 admit·

1230 4821 1336 4870 teodum
1351 4841 1359 4884 ς
1381 4822 1537 4890 praesertim
1554 4839 1615 4873 cnm
1630 4822 1675 4872 ille
1687 4817 1799 4871 elluatus
1811 4815 1988 4870 restitutionis
2003 4832 2043 4865 su·

1226 4904 1363 4972 speusiros
1379 4907 1432 4974 juri
1452 4906 1585 4960 communi
1606 4905 1761 4960 couveniens
1780 4905 1825 4956 sit.
1843 4902 1861 4953 1.
1875 4901 1946 4956 notu.
1971 4917 1995 4952 c.
2013 4899 2045 4949 io

1227 4988 1360 5059 integrum
1371 4993 1453 5047 restit.
1463 4993 1605 5062 postulate,
1616 5009 1648 5046 ne
1660 4993 1725 5064 quid
1737 4987 1879 5058 nosifist·

1472 5125 1792 5183 casurum.

1284 5248 1426 5304 Contionis
1437 5247 1647 5322 interponendae
1660 5250 1804 5334 neseeritos
1814 5263 1870 5302 non
1878 5243 1992 5318 impedit

1531 5334 1738 5404 executionem.

1225 5413 1326 5544 Quod
1346 5494 1406 5556 ille,
1423 5493 1469 5565 qui
1488 5493 1690 5566 supplicationis
1708 5491 1827 5548 remedio
1844 5507 1957 5552 usurus,
1979 5503 2042 5540 exe·

1224 5583 1357 5636 curionem
1377 5581 1507 5654 impedire
1524 5584 1618 5652 possit,
1632 5581 1714 5632 donee
1726 5580 1778 5649 ipsi
1793 5577 1967 5652 praestiterit
1983 5592 2040 5627 eau-

1226 5667 1263 5721 tio
1282 5667 1315 5724 tle
1333 5671 1493 5729 restituenda
1512 5687 1556 5738 re,
1575 5669 1605 5722 in
1622 5683 1729 5738 cesum,
1756 5665 1780 5720 si
1806 5663 1938 5720 sententia
1961 5671 2043 5715 retra-
