4460 6176
208 522 298 578 robur
316 523 422 576 ultimae
439 521 581 578 rolnntatis
599 523 726 588 babeant,
744 519 804 592 quia
824 536 928 590 semper
946 528 1034 592 poste·

210 608 432 679 rinr'diapositio
449 607 533 678 priori
555 609 677 676 derogat.
695 612 718 668 1.
735 605 761 660 1.
780 613 806 657 et
828 605 853 658 3.
872 606 936 658 r'urt.
961 603 1033 674 qnid.

212 691 290 744 mod.
303 701 360 745 teat.
379 689 481 760 infirm.
504 691 635 745 Testatrie
654 690 733 744 etiam
754 689 782 742 iu
802 688 893 742 ultima
917 686 1034 758 disposi-

208 775 289 829 tione
306 777 462 844 generaliter
480 774 512 829 de
532 775 608 828 bouis
627 775 682 826 suis
701 774 729 826 iu
749 773 848 839 iudicio
861 781 955 826 testata
969 782 1034 836 erat,

578 421 627 479 DE
644 420 771 480 netuli
787 417 967 479 btrtnsts
987 418 1253 478 ntsrosmtottes
1272 419 1429 484 utrttttts
1444 443 1504 486 arn.

1086 519 1249 587 Accedebat,
1267 521 1336 589 quod
1356 527 1551 592 possessoribus
1567 529 1781 591 antecedentibus
1800 550 1900 599 tautum
1919 547 1937 601 7

1088 622 1180 678 paucas
1198 607 1309 676 peorrdcs
1328 608 1398 662 alere
1418 614 1533 680 precario
1550 633 1699 674 concessura
1719 621 1899 698 iueri13quod

1084 707 1138 746 nou
1157 702 1257 746 tuntum
1277 695 1318 761 jus
1337 695 1437 746 nullum
1458 699 1575 753 tribuere
1593 713 1690 771 potest,
1710 727 1769 762 cum
1789 715 1902 782 precari.

1084 792 1127 825 um
1148 793 1195 844 pro
1215 775 1296 829 lubitu
1316 780 1486 832 concedentis
1507 782 1538 835 sit
1557 786 1699 841 revocabile
1717 791 1735 844 l.
1751 795 1774 846 1,
1794 807 1821 848 er
1845 807 1865 848 e,
1884 808 1902 851 e,

207 877 297 929 neque
310 874 372 911 sero
384 861 544 912 anteriorum
558 857 766 928 dispositionum
783 857 845 910 iecit
860 860 1036 920 mentionem,
1074 857 1115 926 ff.
1137 861 1290 932 deprecor.
1310 862 1454 915 sedetiam
1476 883 1520 934 per
1540 885 1595 920 eam
1623 888 1669 939 pro
1696 874 1846 934 intentione
1863 863 1940 937 sub

208 951 253 1004 sie
271 951 346 1005 enirn
366 953 424 1020 jore
440 949 642 1004 fideicommissi
662 951 763 1021 priores
776 951 965 1020 dispositiones
977 951 1036 1004 anb-

211 1035 312 1089 sistere
331 1038 495 1106 potuissent,
514 1046 623 1106 propter
640 1033 767 1102 atljectam
787 1034 814 1083 in
835 1033 974 1102 posteriori
998 1042 1034 1085 te·

1086 956 1161 996 natus
1181 944 1255 1014 prior
1274 945 1448 1008 observantia,
1460 951 1529 1016 quod
1546 952 1600 1002 soil.
1615 955 1681 1006 alias
1697 974 1773 1012 nemo
1786 978 1903 1032 unquam

1086 1027 1113 1079 iu
1134 1028 1182 1080 hnc
1200 1028 1306 1100 praedio
1324 1030 1402 1082 boses
1420 1033 1534 1097 aluerit,
1560 1033 1725 1102 declaratur,
1753 1042 1903 1108 nimirum,

209 1127 338 1172 ·tamento
355 1119 495 1171 clausulam
516 1118 704 1172 codicillum.
724 1123 747 1178 §-
771 1114 820 1167 sed
844 1117 896 1170 etsi
921 1119 946 1168 3.
972 1117 1034 1169 inst.
1083 1111 1153 1180 quod
1173 1129 1224 1165 uon
1244 1129 1275 1165 ex
1295 1113 1378 1166 libera
1398 1113 1540 1179 facultate,
1559 1119 1603 1170 sed
1622 1137 1654 1172 ex
1669 1126 1821 1178 necessitate
1836 1143 1906 1183 coru·

149 1200 190 1254 ¹2
210 1201 288 1269 quib.
308 1202 379 1254 mod.
398 1212 454 1253 test.
474 1202 504 1254 in
516 1200 594 1270 firm.
612 1211 637 1252 et
654 1199 693 1252 ihi
709 1199 754 1252 dd.
774 1201 831 1254 lmo
845 1217 893 1252 nec
911 1199 972 1252 iude
994 1196 1035 1252 ei-

206 1281 304 1336 ficaria
324 1287 457 1355 prioribus
483 1287 644 1340 testamentis
662 1283 784 1338 accedere
810 1291 931 1353 poteret,
957 1283 1027 1353 qunti

208 1371 338 1424 testatrix
357 1373 402 1423 illa
422 1371 450 1423 in
470 1370 556 1440 specie
575 1387 627 1422 nou
646 1370 815 1432 resonaverit,
835 1385 894 1422 cum
914 1367 964 1418 hoo
977 1369 1035 1419 narl-

207 1456 237 1508 lo
257 1456 314 1524 jure
333 1457 509 1508 necessarium
530 1457 564 1506 sit
580 1493 588 1507 .
605 1455 623 1505 l.
643 1453 667 1505 1.
678 1451 719 1522 ff.
747 1452 781 1506 de
806 1453 891 1508 adim.
917 1453 998 1523 leget.
1016 1451 1032 1504 l.

211 1539 262 1590 22.
270 1537 312 1608 ff
331 1541 363 1592 rie
381 1542 459 1610 legat.
480 1541 506 1591 3.
526 1541 630 1592 etiarnsi
651 1540 784 1610 prioribus
802 1540 913 1591 otumta
928 1541 1035 1608 deroga·

164 1657 168 1664 ·
211 1624 280 1676 torio
301 1625 394 1677 luisset
411 1627 526 1692 utljecta,
545 1641 605 1676 nam
626 1625 760 1677 beennon
781 1623 894 1693 impedit
912 1625 965 1674 rim
992 1642 1036 1693 po·

212 1706 338 1760 aterioris
358 1709 520 1760 testamenti.
541 1709 639 1760 buton.
657 1707 752 1761 Faber.
771 1709 803 1761 de
828 1723 912 1760 error.
930 1723 1037 1778 progne.

218 1789 318 1844 decad.
339 1793 383 1844 27.
401 1812 429 1844 n.
448 1795 474 1844 7.
494 1792 588 1862 Carpe.
602 1810 630 1863 p.
651 1793 676 1842 ³.
696 1801 783 1844 cocart.
801 1791 826 1844 ii.
845 1789 898 1860 def.
913 1792 955 1842 19.
968 1809 997 1842 n.
1009 1791 1036 1841 7.

153 1881 195 1934 18
216 1873 273 1928 Nee
291 1878 423 1946 provocari
443 1877 486 1928 ltin
506 1886 606 1946 poterut
624 1875 655 1928 ad
671 1875 827 1929 beneficium
842 1874 977 1946 praetoris,
990 1875 1036 1944 qui

210 1961 370 2029 quandoque
386 1961 465 2015 etiam
486 1976 518 2012 ea
538 1958 638 2012 duobus
658 1961 822 2012 testamentis
838 1961 963 2011 bonorum
976 1975 1035 2028 pos·

211 2043 360 2096 sessionem
381 2046 512 2098 concedit.
531 2044 549 2096 i.
564 2047 588 2095 1.
603 2039 626 2112 ξ.
640 2043 708 2114 bff
721 2045 753 2097 tie
766 2037 910 2111 dampnes.
926 2043 1036 2096 secund.

216 2123 292 2177 rott.
311 2125 359 2179 hoe
377 2128 448 2178 enim
468 2137 530 2179 tune
549 2127 689 2196 procedit,
709 2127 733 2178 si
755 2145 805 2179 non
825 2133 936 2190 constat,
954 2125 1037 2198 quod·

213 2226 279 2261 nam
298 2219 481 2263 testamcutum
503 2211 574 2279 prins
594 2211 645 2273 sit,
663 2212 793 2280 quoduam
815 2213 964 2280 posterius.
982 2209 1036 2264 sid.

216 2289 264 2344 dn.
285 2292 391 2346 Praeses
409 2293 437 2344 in
455 2303 531 2345 tract.
550 2291 584 2346 dr
601 2309 718 2349 success.
736 2295 770 2348 ab
789 2293 909 2348 intentat.
926 2295 991 2348 diss.
1009 2295 1035 2345 9.

215 2393 242 2428 e.
261 2377 286 2428 l.
304 2379 327 2444 §.
348 2380 392 2430 31.
411 2399 482 2450 seqq.
502 2378 547 2430 hie
564 2395 623 2433 rero
643 2389 768 2444 constat,
790 2379 923 2450 quoduam
948 2387 1038 2450 poste·

224 2460 284 2514 rius
303 2461 355 2515 sit.

157 2557 196 2612 fl
255 2544 327 2598 Hinc
339 2547 421 2598 solum
435 2548 556 2601 ultimam
571 2550 727 2603 voluntatem
740 2564 827 2600 eorem
839 2555 929 2600 senatu
943 2545 1038 2600 iactam

216 2634 321 2694 ualere,
355 2635 531 2687 anterioribus
560 2633 783 2706 dispositionibus
807 2633 865 2703 ipso
885 2632 931 2684 illo
958 2641 1035 2685 testa·

218 2729 309 2772 mento
324 2719 445 2790 judiciali
465 2719 546 2772 tacite
558 2719 679 2784 sublatis,
692 2727 837 2788 reputatum
852 2725 902 2771 est.

464 2851 696 2920 utthustrtu
714 2850 788 2907 xtr.

220 2977 263 3029 De
279 2991 326 3028 usn
345 2991 503 3046 pascuorum
522 2974 713 3038 communium,
730 2973 798 3044 quod
816 2973 866 3029 ciri
878 2975 1037 3033 immunita·

256 3060 291 3112 tis
308 3059 365 3126 jure
382 3059 506 3128 gaudenti
526 3058 653 3126 denegari
673 3074 726 3109 unu
746 3057 840 3126 possit.

460 3178 799 3236 snectutem

214 3301 307 3357 emm.
323 3317 351 3352 u.
365 3303 391 3352 1.

218 3383 358 3452 Quaestio.
373 3402 401 3435 n.
414 3383 440 3434 2

212 3467 348 3524 Rationes
360 3463 510 3519 dubitandi.
524 3481 551 3518 rr.
565 3467 590 3518 3.
602 3481 675 3536 seqq.

216 3550 348 3604 Rationes
360 3549 505 3602 deridendi.
518 3567 545 3600 n.
562 3549 603 3600 12
619 3565 689 3619 aepp.

216 3633 340 3689 Dert'rt'o.
357 3649 385 3688 rt.
399 3632 443 3686 19.

181 3831 199 3880 ¹
221 3753 429 3858 Sereuissimus
444 3802 541 3854 elector
565 3797 807 3872 brandenburgicus
825 3797 911 3852 nobili
933 3797 1038 3854 cuidam

1085 1196 1191 1250 modum
1211 1196 1260 1250 boe
1279 1197 1425 1251 anteriores
1446 1217 1609 1269 possessores
1628 1205 1786 1260 omiserint.
1804 1208 1906 1268 Omnes

1085 1282 1156 1332 enirn
1170 1293 1241 1332 actus
1254 1281 1438 1351 praecedentes
1452 1282 1645 1352 iuterpretatur
1657 1288 1825 1345 observantia
1841 1293 1902 1347 sub-

1085 1375 1179 1417 secuta.
1199 1364 1297 1418 liernue
1317 1382 1392 1418 cons.
1411 1367 1454 1416 91.
1474 1385 1502 1418 n.
1522 1368 1564 1418 tu.
1584 1368 1711 1424 Bursatua
1737 1391 1812 1428 conr.
1841 1379 1903 1431 323.

1086 1465 1114 1500 n.
1133 1449 1159 1499 d.
1177 1449 1235 1500 vol.
1255 1451 1280 1500 3.
1298 1465 1363 1518 quae
1381 1451 1466 1518 regula
1486 1450 1522 1502 ita
1542 1453 1713 1524 intelligenda
1726 1442 1792 1524 est,
1821 1461 1842 1513 ei
1870 1463 1940 1529 dep

1085 1532 1229 1585 substantia
1249 1543 1274 1584 et
1293 1533 1375 1584 initio
1394 1537 1577 1587 consentionis
1597 1555 1649 1590 nou
1674 1551 1776 1594 constet
1793 1579 1800 1608 ,
1826 1555 1907 1614 prout

1085 1617 1144 1669 bio:
1163 1627 1193 1668 ut
1211 1627 1272 1670 tuno
1291 1629 1478 1686 praesumatur,
1494 1617 1563 1686 quod
1579 1620 1638 1671 talis
1657 1626 1826 1689 praecesserit
1842 1645 1904 1696 per·

1086 1704 1198 1768 missio,
1215 1704 1318 1771 qualem
1338 1705 1506 1757 obserrautiu
1531 1705 1691 1776 subsequens
1718 1709 1904 1781 demonstret,

1085 1785 1228 1840 seeundum
1247 1803 1296 1848 ea,
1315 1803 1381 1854 quae
1398 1786 1482 1838 tradit
1513 1785 1619 1840 Burbos.
1638 1791 1704 1844 ther.
1716 1791 1768 1842 lue.
1781 1810 1850 1847 conr.
1862 1796 1904 1850 tit.

1086 1872 1263 1940 13.oop.1⁰.
1283 1889 1330 1922 err.
1352 1872 1377 1921 1.
1396 1886 1487 1923 sersus
1506 1868 1614 1924 deciano
1638 1875 1768 1943 regulam.
1785 1878 1903 1933 'landem
1923 1900 1958 1951 1⁰

1086 1955 1142 2026 ipsa
1160 1971 1264 2025 quoque
1281 1953 1399 2024 aequitas
1418 1955 1550 2024 postulare
1563 1955 1711 2021 ridebatur,
1723 1967 1752 2011 ot
1763 1957 1856 2012 domus
1871 1963 1905 2014 ab

1087 2039 1211 2092 oneribus
1229 2039 1343 2093 ciuitatis
1364 2049 1486 2109 exempta
1506 2040 1652 2093 commodis
1670 2060 1773 2112 qnoque
1789 2043 1910 2098 civitatis

1086 2133 1177 2185 eareat,
1197 2138 1246 2192 per
1263 2123 1450 2193 aequissimam
1472 2127 1586 2189 regulam
1606 2123 1673 2193 legis
1689 2126 1731 2176 10.
1748 2124 1782 2193 ff.
1800 2127 1833 2181 de
1851 2145 1871 2180 r.
1882 2129 1906 2198 j.

1089 2203 1172 2272 dtque
1190 2205 1253 2257 binc
1272 2223 1405 2276 possessor
1417 2203 1520 2258 aedium
1539 2208 1697 2275 quaestionis
1715 2210 1906 2266 lacobuscorn-
1925 2210 1958 2260 11

1088 2288 1172 2341 modis
1195 2289 1259 2355 illis,
1277 2305 1342 2358 quae
1361 2289 1463 2340 civibus
1477 2289 1588 2358 reliquis
1608 2290 1642 2344 ob
1660 2309 1739 2345 onera
1755 2297 1903 2349 communia

1087 2381 1250 2441 competunt,
1270 2373 1337 2424 iuter
1350 2390 1414 2442 quae
1429 2371 1595 2424 reiercrrdum
1611 2375 1651 2442 jus
1666 2393 1819 2447 pasnrrorum
1832 2397 1904 2433 coru·

1088 2457 1227 2519 munium,
1247 2455 1287 2506 uti
1308 2474 1361 2508 non
1381 2473 1458 2524 posse
1478 2455 1621 2509 ridebatur.

1122 2542 1220 2594 Verum
1240 2539 1312 2593 enim
1332 2557 1412 2606 sero,
1430 2541 1500 2610 quod
1520 2542 1688 2612 priuilegium
1708 2563 1787 2601 omne
1806 2547 1841 2604 ite
1860 2568 1902 2606 se·
1922 2566 1961 2620 η

1088 2627 1146 2677 niet
1160 2623 1397 2694 interpretandum,
1412 2643 1444 2677 ne
1459 2625 1625 2696 pririlrgiato
1639 2629 1696 2696 plus
1711 2643 1812 2695 noceat,
1827 2652 1905 2702 quam

1087 2710 1191 2778 prosit,
1210 2709 1286 2777 vulgo
1305 2717 1395 2762 notum
1415 2717 1469 2761 est·
1489 2725 1547 2779 urg.
1566 2710 1584 2763 i.
1603 2711 1797 2782 quodsuvore
1822 2719 1849 2775 θ.
1874 2738 1898 2772 o.

1086 2793 1118 2846 ale
1135 2793 1163 2845 li.
1183 2793 1256 2861 Quae
1273 2793 1345 2844 enim
1365 2811 1415 2862 pro
1433 2793 1547 2846 uttlitate
1565 2795 1674 2862 alicujus
1692 2811 1751 2854 sunt
1769 2803 1904 2854 coustitu-

1087 2884 1129 2940 ta,
1147 2893 1175 2927 ea
1195 2876 1303 2928 duriore
1321 2875 1544 2945 interpretatione
1567 2889 1659 2931 contra
1685 2885 1741 2950 ejus
1767 2885 1907 2938 commoda

1086 2955 1195 3027 produci
1214 2957 1246 3010 acl
1266 2959 1429 3011 sereritetem
1449 2961 1519 3012 uulla
1538 2961 1605 3028 juris
1627 2964 1695 3016 ratio
1714 2967 1863 3036 permittit.
1883 2971 1901 3022 l.

1085 3038 1434 3111 annibalianum
1462 3043 1591 3098 credibile
1617 3054 1674 3112 est,
1702 3053 1901 3104 serenissimum
1923 3066 1957 3118 13

1085 3141 1132 3193 per
1150 3125 1346 3176 concessionem
1368 3126 1547 3178 immunitatis
1566 3128 1599 3182 ab
1617 3131 1740 3184 oneribus
1754 3135 1846 3188 ciricis
1860 3154 1906 3190 so.

1086 3209 1167 3261 luisse
1186 3207 1265 3258 simul
1284 3209 1433 3259 communia
1453 3211 1592 3262 commoda
1620 3215 1815 3283 possessoribus
1846 3219 1904 3270 adi·

1087 3306 1164 3351 mere.
1183 3308 1241 3343 eum
1262 3293 1397 3343 notissimi
1418 3292 1488 3360 juris
1507 3293 1540 3346 eit
1552 3330 1560 3357 ,
1573 3296 1613 3363 jus
1628 3300 1753 3366 pascendi
1766 3301 1792 3352 iu
1808 3320 1902 3369 pascuo
2006 3297 2009 3304 ’

1086 3375 1189 3444 publico
1207 3372 1331 3426 omuibus
1348 3373 1450 3427 risibus
1469 3393 1606 3431 commune
1626 3397 1697 3444 esse,
1717 3383 1781 3436 Ant.
1804 3385 1903 3438 Ferdi·

1087 3458 1165 3510 nand.
1184 3457 1217 3511 de
1232 3456 1315 3511 Otero
1333 3461 1455 3513 truendo
1468 3463 1577 3525 perenis
1590 3481 1647 3534 cap.
1660 3466 1684 3516 3.
1699 3484 1727 3519 n.
1739 3467 1766 3518 ii.
1780 3467 1901 3539 Caepolla

1085 3546 1163 3591 tract.
1174 3539 1207 3592 de
1218 3541 1329 3596 servient
1340 3559 1398 3612 cop.
1411 3543 1443 3596 de
1454 3544 1542 3597 seruit.
1552 3545 1608 3615 J'nr.
1616 3551 1747 3616 poscendi
1758 3570 1786 3604 n.
1805 3551 1840 3605 17
1862 3552 1902 3606 ln·
1923 3557 1958 3610 ll

1086 3622 1192 3689 primis,
1210 3623 1271 3694 quie
1290 3639 1383 3693 pasena
1403 3629 1581 3682 communiter
1597 3631 1632 3684 ob
1649 3630 1756 3701 londos,
1767 3653 1833 3706 qnos
1844 3639 1904 3708 quis

1087 3706 1215 3772 possidet,
1234 3709 1426 3763 conceduntur:
1444 3720 1472 3762 at
1490 3731 1551 3766 cern
1568 3717 1639 3770 saria
1658 3734 1776 3788 egrorum
1794 3725 1902 3790 jugera,

1087 3796 1115 3838 ut
1130 3789 1182 3855 jam
1201 3787 1310 3858 dictum,
1328 3790 1360 3844 ad
1378 3791 1486 3847 domum
1503 3798 1665 3867 quaestionis
1684 3801 1858 3870 pertinebant,
1873 3803 1903 3858 iu

221 3886 339 3940 familiae
356 3887 461 3939 domum
475 3885 626 3953 quomdam,
645 3883 823 3937 immunitatis
847 3883 904 3950 iure
927 3884 1038 3952 gaudeo·
1086 3873 1181 3941 qnibus
1198 3875 1294 3945 reliqui
1314 3878 1383 3931 oires
1401 3891 1518 3951 tempore
1530 3895 1677 3954 opportuno
1696 3888 1801 3956 pascuis
1819 3899 1902 3942 ntun-

222 3980 288 4032 tem,
306 3978 334 4022 et
352 3969 380 4020 io
399 3969 506 4021 ciuitate
523 3966 648 4020 Gerdcli'a
667 3967 768 4031 sitam,
794 3985 843 4020 uua
867 3985 927 4020 oum
957 3971 1037 4020 certis
1088 3967 1140 4021 1111.
1158 3968 1189 4011 11
1205 3961 1269 4015 'deo
1287 3963 1338 4032 ipsi
1358 3982 1460 4032 qnoque
1474 3969 1619 4035 possessori
1634 3967 1712 4038 bojas
1725 3971 1902 4028 domnaldoua

217 4054 297 4119 agris,
316 4049 408 4105 itidem
428 4049 461 4101 ab
479 4047 606 4103 oneribus
624 4051 777 4120 exemptis,
795 4049 923 4105 tubuexu
937 4051 1035 4104 feodali
1085 4043 1127 4109 ius
1147 4043 1174 4095 iu
1195 4045 1353 4114 reliquorum
1371 4047 1468 4102 citium
1488 4051 1556 4118 egris
1582 4050 1679 4105 merito
1702 4055 1901 4110 concedendum

218 4146 396 4190 concesserat.
415 4135 472 4188 Hae
489 4147 576 4206 postea
595 4137 672 4190 aedes
690 4152 748 4188 eum
778 4136 950 4206 pertiuentiis
982 4137 1037 4192 suia
1086 4126 1131 4178 111·
1157 4145 1214 4197 “ts-
1233 4129 1273 4180 tit.
1290 4127 1334 4198 ff.
1357 4134 1429 4196 csend
1450 4131 1560 4203 quisque
1576 4134 1640 4206 jur.
1671 4137 1743 4190 Solet
1762 4139 1834 4192 euim
1855 4158 1902 4210 pro

219 4219 249 4270 io
267 4218 398 4271 divisione
416 4215 531 4270 fraterna
550 4215 695 4286 obtigerant
712 4219 820 4278 tanobo,
837 4219 882 4288 qui
905 4231 1036 4290 propterea
1089 4207 1166 4262 modo
1183 4228 1305 4278 agrorum
1324 4216 1364 4281 jus
1382 4215 1504 4284 pascendi
1524 4217 1713 4273 determinari.
1737 4221 1815 4274 Otero
1833 4223 1858 4276 d.
1877 4243 1899 4278 o.

218 4299 388 4355 domicilium
408 4318 482 4354 suum
504 4299 595 4354 eodem
618 4303 764 4367 transtulit,
782 4311 809 4356 et
828 4302 859 4353 ad
881 4304 975 4356 melius
995 4303 1035 4355 in·
1085 4291 1110 4342 ³·
1129 4309 1157 4343 11·
1178 4293 1218 4344 ¹⁸·
1237 4312 1306 4364 1191·
1318 4295 1410 4366 11111111
1423 4312 1482 4350 1111
1501 4297 1684 4373 1111113111ῡᾶ
1703 4303 1841 4358 1111111111
1862 4318 1901 4360 111
1920 4339 1956 4392 13

217 4387 376 4439 stitueudam
395 4385 556 4440 domesticae
576 4385 611 4437 rei
634 4401 722 4436 curam
747 4384 825 4438 boses
851 4386 976 4440 aretorios
1002 4386 1034 4439 ad
1083 4375 1898 4454 1111111111111111111111.1111118111111111110111111-

216 4469 345 4522 culturam
364 4485 482 4537 agrorum
502 4465 649 4522 eolelicius
661 4465 854 4537 expediendam
868 4467 1036 4536 compararit.
1084 4462 1156 4526 111Ῑ111
1175 4479 1226 4514 1101
1246 4464 1458 4534 praesumendo:
1483 4465 1544 4536 quia
1570 4467 1633 4520 linet
1657 4472 1788 4536 ejusmodi
1815 4475 1899 4540 negli-

219 4551 253 4601 dt
272 4567 332 4604 aero
351 4561 509 4604 memoratae
525 4552 642 4605 oieitatia
656 4560 759 4604 unetos
771 4551 882 4621 pecudes
896 4552 987 4604 iacobi
1002 4551 1033 4603 ad
1083 4545 1168 4612 georio
1188 4564 1240 4598 non
1260 4559 1448 4616 praesumetur,
1469 4558 1559 4603 tamea
1575 4555 1716 4606 commissa
1742 4557 1771 4607 io
1798 4556 1900 4623 roboc,

221 4653 323 4704 gregem
337 4637 448 4690 ciricum
468 4638 618 4703 admittere,
636 4637 774 4706 eidemque
784 4655 875 4708 pascua
895 4639 942 4690 loci
962 4657 1033 4692 outn-
1081 4645 1146 4697 111111
1161 4630 1389 4685 111111111111111111
1403 4642 1471 4696 sunt,
1485 4649 1538 4686 11111
1552 4644 1635 4704 porcat
1647 4638 1828 4706 praejudicare
1841 4641 1900 4707 jura

219 4719 308 4769 munia
327 4717 467 4770 concedere
485 4720 630 4773 recusabat.
650 4721 718 4773 lude
738 4721 891 4777 nascebatur
907 4723 1034 4792 quaestio:
1083 4729 1130 4764 1111
1148 4712 1321 4782 imposterum
1341 4729 1430 4766 11111.

182 4815 250 4870 qun
264 4813 317 4850 non
330 4801 427 4852 Jacobo
441 4817 519 4870 aeque
533 4819 563 4852 ao
574 4801 635 4854 aliis
649 4802 753 4856 nisibus
772 4805 921 4857 communia
941 4821 1034 4874 pascua
1120 4795 1475 4861 1111111111111111111111.
1502 4799 1575 4866 1111111
1603 4797 1670 4852 11111
1696 4801 1798 4856 11111111
1825 4822 1851 4854 n·
1871 4808 1898 4857 7.

221 4889 353 4950 paterent,
368 4883 597 4954 eitrsquepecudes
619 4885 777 4957 adpropero
798 4905 963 4942 communem
988 4889 1032 4941 ,ὼ
1083 4889 1180 4934 unium
1199 4898 1214 4932 e
1234 4892 1324 4936 senatu
1342 4877 1423 4933 tiebat
1441 4880 1643 4935 conductoribus
1662 4883 1776 4947 dumus.
1800 4887 1898 4941 Jacobo

221 4963 366 5016 mittendae
380 4965 488 5017 essenti
1082 4971 1168 5016 autem
1187 4965 1285 5034 opponi
1305 4974 1435 5034 nequeant
1464 4964 1593 5032 eiusmodi
1625 4973 1699 5036 pacta
1729 4965 1761 5018 ab
1791 4968 1896 5021 aedium

185 5075 203 5125 tt
258 5046 329 5115 Quas
345 5049 453 5117 quinon
475 5065 521 5117 pro
540 5067 584 5101 soa
603 5050 749 5105 intrusione
768 5060 875 5104 sonatur
892 5053 1031 5118 attulerat,
1083 5046 1286 5100 conductoribus
1304 5063 1362 5100 oum
1381 5059 1471 5100 sanam
1491 5047 1571 5110 inita,
1589 5048 1687 5118 quippe
1704 5065 1769 5118 quaa
1788 5049 1897 5104 domino

219 5129 358 5196 rationes,
377 5147 430 5182 unu
449 5140 521 5183 eraut
540 5133 637 5184 nullius
656 5135 804 5188 momenti.
823 5135 943 5206 Namque
960 5147 1033 5190 autea
1082 5133 1262 5202 praejudicare
1280 5151 1332 5185 non
1353 5144 1468 5199 possunt.
1488 5133 1505 5186 i.
1520 5133 1563 5184 2¹1.
1566 5132 1607 5200 ff
1622 5134 1654 5186 de
1664 5146 1801 5201 procurat.
1815 5137 1834 5189 l.
1846 5137 1894 5192 ult.

222 5229 301 5264 neruo
318 5229 350 5264 es
370 5213 462 5265 barum
477 5214 579 5267 aedium
595 5220 790 5286 possessoribus
803 5221 914 5289 pecudes
925 5223 1031 5274 uiuunt.
1081 5233 1104 5268 c.
1117 5215 1149 5270 dr
1160 5217 1259 5283 aequin
1274 5217 1321 5269 uel
1331 5216 1434 5270 admitt.
1446 5234 1561 5288 possess·
1578 5217 1665 5272 lmrno
1684 5220 1834 5289 nequidem
1851 5223 1898 5276 ob·
1917 5230 1952 5282 Π

187 5297 356 5370 pilositates
374 5313 435 5351 sero
453 5315 505 5349 non
525 5309 587 5351 sont
606 5299 775 5355 inducendae
797 5304 903 5356 saliret.
921 5307 950 5356 in
967 5306 986 5357 i.
1006 5306 1031 5358 2.
1081 5299 1208 5352 1111111111
1228 5301 1359 5353 1111111111
1378 5301 1478 5369 opponi
1498 5312 1599 5371 potest,
1620 5319 1678 5356 11111
1700 5321 1829 5375 utruqurm
1849 5310 1896 5361 Ja-

184 5413 202 5466 3
222 5399 244 5432 c.
269 5400 345 5436 noua
366 5383 456 5454 vestig.
482 5383 533 5436 col.
555 5386 581 5435 1.
600 5384 629 5435 Si
648 5385 719 5436 enim
738 5389 880 5440 anteriores
898 5405 1030 5458 possesso·
1081 5389 1139 5436 cotti
1160 5385 1269 5450 maiores
1287 5383 1453 5437 domicilium
1475 5385 1577 5439 ibidem
1596 5387 1676 5456 plene
1693 5391 1894 5445 constituerint.

219 5469 319 5534 resjua
338 5465 491 5520 habuissent
518 5471 686 5522 commodum
714 5485 746 5522 ex
773 5471 870 5524 cultura
903 5473 1031 5542 pecodum
1080 5469 1249 5538 Tandemque
1268 5469 1379 5537 reliquis
1404 5471 1505 5523 nisibus
1530 5469 1654 5523 damnum
1684 5474 1783 5526 nullum
1817 5474 1896 5529 datur
1916 5480 1951 5530 13

217 5550 394 5619 ροτεὶρὶοηάίς
413 5561 439 5604 et
460 5553 564 5621 {rasonis
582 5555 768 5606 communibus
786 5557 1032 5626 unacumrrliquis
1080 5553 1114 5604 ob
1134 5551 1414 5624 id,quodqnaedam
1444 5556 1529 5625 capita
1559 5558 1632 5625 gregi
1664 5559 1796 5610 communi
1827 5558 1893 5628 rdji·

183 5631 319 5713 6eirtbus
337 5634 437 5698 utendi,
457 5637 514 5690 sine
534 5635 615 5690 dubio
632 5640 689 5707 jure
709 5655 754 5689 suo
772 5637 810 5689 usi
826 5636 944 5693 inissent.
963 5641 1029 5711 Quia
1078 5636 1189 5692 cientur.

218 5734 297 5769 nemo
315 5719 356 5785 jus
374 5735 450 5770 suum
472 5722 601 5791 negligere
621 5721 806 5792 praesumitur.
826 5723 941 5776 sraaetta
954 5739 1030 5779 enne.
1114 5725 1186 5779 Hinc
1205 5723 1385 5778 existimatum
1407 5731 1446 5776 est
1465 5733 1580 5775 senatum
1603 5725 1742 5793 probibere
1762 5743 1813 5777 non
1835 5745 1895 5795 por·
1916 5761 1950 5814 ,9

90 5879 91 5883 Ἰ
196 5821 197 5824 ’
217 5803 262 5856 77.
280 5821 308 5854 n.
328 5806 371 5856 11.
390 5807 445 5860 ool.
463 5808 488 5859 d.
511 5809 583 5861 Vult.
603 5810 627 5860 1.
644 5823 717 5862 caus.
737 5824 872 5882 marpurg.
895 5808 937 5862 22
957 5825 984 5862 n.
1002 5809 1027 5861 8.
1047 5834 1049 5838 ·
1080 5824 1124 5875 se,
1142 5811 1208 5880 quin
1227 5811 1340 5862 lacobus
1359 5819 1396 5862 tot
1413 5807 1499 5879 capita
1524 5807 1613 5872 boum,
1631 5819 1692 5878 quot
1712 5809 1807 5880 reliqui
1827 5813 1897 5867 circs

1919 4841 1953 4890 lii
