4414 6188
190 251 226 308 87
618 261 668 318 nt
679 258 771 318 tuns
788 253 1109 314 stultornttotnuts
1127 253 1165 310 lli
1183 253 1337 314 ondens.
1730 263 1768 318 88

144 351 223 424 beot
238 375 295 423 sua
310 349 536 442 incommodam
550 353 638 423 inter
651 379 740 447 quse
755 376 823 420 uon
840 352 1022 420 minimum
1037 363 1105 430 est,
1126 349 1320 438 sapientiam
1338 347 1407 416 sere
1423 372 1462 418 es
1485 349 1703 422 multitudine
1717 355 1819 426 libro·

147 466 217 510 rum
234 443 412 510 aestimari.
429 443 541 513 Fuere
556 445 692 538 quidem
707 495 716 525 ,
731 445 792 534 qui
811 445 847 509 iu
863 465 933 510 nno
948 439 1000 509 rel
1017 440 1122 508 altero
1136 441 1223 507 libro
1238 463 1352 506 omues
1367 438 1470 508 latere
1487 441 1654 511 thesauros
1668 444 1730 512 sibi
1749 473 1828 538 pen·

146 531 280 601 suadere
294 531 413 600 conati.
430 534 625 602 Franciscus
639 536 660 602 J
666 537 765 602 unius
782 533 927 600 codicem
944 553 1108 598 sacrorum
1133 529 1334 612 bibliorum,
1351 531 1592 610 institutiones,
1608 533 1751 602 indicem
1768 561 1819 604 aa*

145 643 290 702 crorum,
306 628 552 714 grammaticam
569 628 719 692 sbraeam
741 621 944 701 Cerallerii,
960 633 1027 687 tum
1054 625 1129 686 ua'm
1157 621 1306 688 lucernas
1329 643 1476 712 quatuor
1499 621 1821 716 sulficerepulabrt.

146 711 323 804 Philippus
339 713 572 781 Melaurhthou
589 713 822 798 Aristotelem,
839 713 1009 798 Plinium,
1027 645 1263 786 ilutarchum,
1280 709 1332 775 vel
1352 713 1449 802 hujus
1470 709 1772 794 homuncionem
1789 731 1824 784 et

145 801 369 874 Ptolemaeum
387 803 606 870 bibliothecae
622 807 726 872 instar
741 825 811 870 csse
827 802 1007 894 judicabat.
1025 801 1220 890 liudolphus
1236 800 1418 868 Goelenius
1434 801 1663 882 Aristotelem,
1680 803 1824 900 Scalige-

141 915 216 960 'rum
236 905 378 983 patrem,
395 893 620 982 Zabarellam,
637 893 840 988 Scheghium
868 893 980 959 omnia
1003 891 1272 982 philosophorum
1287 891 1468 982 adimplere
1485 891 1593 982 ajebat
1610 893 1758 985 pulpita,
1776 900 1828 967 uli

152 984 296 1052 Thomna
313 982 457 1051 Lansius
470 1001 651 1052 comment.
669 985 714 1053 de
728 982 920 1052 academiis
933 1009 967 1076 p.
984 1007 1028 1051 m.
1053 981 1110 1070 46.
1128 982 1238 1047 tradit.
1264 979 1328 1047 Sed
1346 983 1446 1065 istos,
1462 983 1497 1047 iu
1514 995 1659 1050 extrema
1675 984 1826 1078 delapsos

143 1094 233 1158 'esse,
249 1075 329 1142 satis
349 1074 488 1142 cuilibet
509 1075 645 1181 patebit.
662 1076 728 1144 Nec
755 1087 864 1141 tamen
888 1075 1010 1141 denunt
1034 1085 1064 1138 et
1084 1069 1206 1156 hodie,
1223 1072 1283 1166 spui
1308 1072 1344 1136 in
1360 1071 1508 1138 camdem
1524 1071 1725 1144 dilabuntur
1740 1077 1827 1160 irtus·¹

149 1167 255 1246 niam,
272 1189 310 1232 ex
328 1188 394 1256 qua
409 1170 451 1234 de
465 1164 643 1256 cujuslibet
658 1165 756 1258 graio
769 1164 871 1246 lacile
881 1163 1028 1232 ‘udicare
1041 1161 1163 1230 licebit.
1182 1161 1329 1230 Facilius
1344 1162 1598 1230 condonandum
1622 1175 1670 1231 cst
1695 1165 1827 1246 Cicero·

152 1255 202 1336 ui,
245 1254 281 1320 ui
305 1253 347 1322 de
367 1273 494 1324 oratore
514 1278 588 1346 cap.
610 1255 738 1326 xnlv.
759 1252 876 1324 bibliot
894 1279 977 1326 secas
1003 1255 1153 1320 omnium
1176 1251 1444 1344 philosophorum
1469 1276 1576 1321 unum
1599 1252 1680 1322 Xll.
1697 1257 1827 1332 tabulae

148 1281 409 1428 rumhimllum‚
424 1359 457 1412 et
473 1347 679 1416 auctoritatis
692 1345 841 1438 pondere
857 1359 888 1414 et
908 1345 1063 1414 utilitatis
1080 1345 1232 1410 ubertate
1248 1367 1419 1432 superare,
1434 1340 1585 1410 adserere
1602 1367 1667 1412 uon
1682 1344 1825 1416 dabitat.

150 1435 188 1505 ln
200 1435 335 1504 alteram
351 1450 483 1526 partem,
497 1436 622 1505 nimius
635 1451 682 1506 est
700 1436 874 1506 Corradus
891 1433 1119 1522 Lancellotus,
1134 1435 1194 1524 qui
1211 1433 1339 1525 dejure
1356 1432 1496 1522 publico
1508 1454 1719 1524 personarum
1735 1434 1827 1504 libro

150 1523 183 1593 Ι.
199 1549 227 1592 c.
246 1525 304 1594 II.
321 1528 349 1614 Ξ.
367 1551 400 1592 s.
418 1527 449 1594 8.
464 1528 632 1596 librorum
648 1528 829 1596 multorum
848 1551 885 1593 ca
911 1530 976 1595 iam
1001 1548 1071 1592 esse
1093 1525 1313 1615 adpetendam
1338 1529 1401 1606 ait,
1418 1523 1460 1590 ad
1482 1523 1677 1614 sapientiam
1693 1547 1826 1616 compo·

149 1619 292 1682 randum.
311 1617 398 1683 iluic
413 1617 501 1684 euim
518 1643 592 1686 cum
611 1620 733 1688 Seneca
759 1552 1016 1709 respondemus,
1032 1615 1091 1682 lib.
1112 1615 1154 1682 de
1175 1613 1422 1706 tranquillitate
1446 1613 1551 1679 animi
1566 1638 1638 1704 cap.
1663 1613 1726 1683 lX.
1743 1615 1827 1685 Stu-

142 1703 282 1773 diorum
297 1731 443 1798 quoque,
459 1733 545 1800 quae
565 1710 806 1778 liberalissima
828 1713 987 1802 impensa
1006 1720 1073 1788 est,
1088 1703 1218 1775 tmndiu
1239 1705 1408 1774 rationem
1424 1701 1568 1786 habeat,
1584 1705 1745 1798 quamdiu
1761 1727 1828 1776 rna*

149 1796 237 1863 dum.
260 1797 338 1888 Quo
350 1797 437 1865 mihi
452 1801 719 1870 innumerabiles
740 1800 843 1868 libros
860 1817 892 1868 et
910 1797 1148 1878 bibliothecas,
1165 1819 1313 1888 qtscrum
1333 1795 1490 1864 dominus
1508 1801 1569 1864 vise
1583 1809 1654 1863 tota
1670 1803 1747 1864 cita
1760 1816 1827 1867 suo

148 1888 274 1954 indices
286 1887 459 1978 perlegit?
477 1889 610 1960 Onerat
630 1893 818 1959 discentem
838 1889 956 1972 turbu,
972 1913 1040 1956 non
1064 1893 1215 1957 instruit.
1242 1887 1420 1980 Multoque
1443 1888 1556 1953 satius
1576 1901 1630 1954 est
1646 1891 1770 1976 paucis
1795 1903 1828 1956 te

151 1979 343 2045 auctoribus
358 1979 515 2060 tradere,
532 1986 633 2078 pirum
651 2007 766 2050 errare
779 1981 841 2076 per
858 1983 993 2050 mullos.
1011 1981 1165 2048 Paretur
1179 1981 1293 2070 itaque
1307 1976 1469 2045 librorum
1508 1991 1651 2044 uantum
1667 1981 1750 2047 sctis
1764 1982 1829 2058 sit',

153 2067 239 2134 nibil
253 2070 288 2136 in
302 2076 519 2159 apparatum.
541 2073 744 2156 Honestius,
760 2073 891 2166 inquis,
907 2069 974 2142 has
985 2075 1173 2158 impensas,
1188 2094 1290 2161 quam
1311 2069 1345 2134 in
1365 2003 1568 2154 Corinthia,
1580 2069 1758 2162 pictasque
1772 2083 1827 2136 ta·

151 2155 247 2226 bulas
267 2160 466 2252 effuderint.
490 2157 665 2232 Vitiosum
686 2182 736 2231 est
756 2161 875 2256 ubique
890 2153 980 2258 pund
995 2163 1136 2248 nimium
1153 2175 1213 2227 est.
1229 2158 1400 2252 Quicquid
1425 2159 1488 2236 sit,
1506 2159 1626 2226 vitium
1642 2171 1689 2224 cst
1706 2157 1827 2242 seculi,

151 2251 237 2344 quod
256 2255 360 2341 tangit
378 2251 520 2336 Seneca,
563 2253 640 2322 riori
655 2255 763 2323 aetate
779 2279 844 2322 uon
862 2254 1089 2345 incognitum,
1107 2253 1151 2319 ita
1179 2263 1216 2316 ut
1241 2270 1482 2340 conqueramur
1498 2272 1574 2315 cum
1591 2247 1826 2340 ecclesiastico,

149 2341 308 2406 scribendi
327 2341 446 2424 libros,
461 2342 522 2430 (ad
548 2344 636 2412 imus
658 2362 692 2413 ct
711 2343 928 2438 congerendi)
950 2344 1025 2428 linis
1039 2366 1104 2410 nou
1133 2353 1189 2409 est.
1206 2339 1364 2408 Dandum
1387 2351 1496 2406 tamen
1515 2336 1645 2428 aliquid
1663 2353 1712 2404 est
1726 2339 1825 2443 genio

149 2431 318 2520 temporis,
335 2433 549 2522 comparandi
565 2445 645 2502 suut
659 2437 759 2519 libri,
775 2434 1002 2529 congerendas
1019 2436 1066 2502 rei
1092 2433 1247 2500 librariae
1268 2430 1455 2508 thesaurus,
1471 2427 1675 2496 ordiuandse
1702 2427 1826 2498 biblio·

147 2518 358 2608 chamenun
376 2521 531 2610 publicae
548 2537 620 2592 tum
637 2528 783 2614 privatae
793 2577 802 2608 ,
819 2531 845 2592 si
866 2525 961 2592 modo
976 2524 1064 2594 absit
1079 2523 1229 2616 pruritus
1245 2521 1388 2606 nimius,
1401 2533 1434 2584 et
1456 2541 1537 2586 raus
1563 2517 1679 2609 gloria.
1698 2517 1750 2585 De
1765 2517 1826 2589 hac

136 2609 359 2679 .librorum.in
379 2612 593 2683 bibliothecas
607 2618 818 2704 collectione,
834 2617 1018 2710 harumque
1033 2619 1107 2708 jure
1123 2615 1157 2681 in
1175 2613 1339 2704 praesenti
1355 2611 1469 2702 aliqua
1483 2631 1544 2702 pro
1559 2609 1709 2676 muneris
1724 2611 1824 2678 ratio-

148 2723 190 2766 ne
203 2701 382 2772 edisserere
398 2703 618 2796 incongruum
636 2730 704 2774 nou
720 2707 796 2774 erit·

850 2891 1069 2961 CAPUT
1110 2892 1138 2959 l.

643 3091 696 3160 De
713 3096 796 3183 jure
821 3075 1099 3162 bibliothecarum
1125 3087 1162 3154 in
1185 3109 1317 3178 genere.

368 3276 394 3331 G
409 3277 433 3330 0
448 3277 476 3330 Ν
483 3275 505 3328 8
515 3279 542 3330 P
554 3278 585 3331 E
595 3278 619 3332 C
632 3279 659 3331 T
671 3279 699 3334 U
706 3276 734 3330 S.
878 3330 880 3339 ,
998 3326 1001 3334 ,
1014 3272 1250 3344 thenberpensis
1264 3272 1366 3326 denam
1377 3273 1521 3330 translata.
1533 3292 1561 3328 ιι.
1573 3275 1617 3327 21.

131 3417 135 3424 ,
664 3418 667 3425 ‚
911 3416 915 3426 ,
1009 3358 1070 3410 lere
1088 3355 1213 3408 Valentis
1224 3357 1263 3408 11.
1282 3355 1313 3410 C.
1331 3356 1432 3410 Theoti.
1444 3357 1476 3412 de
1496 3357 1592 3420 ¹studiis
1604 3356 1764 3412 liberalibus
1775 3375 1826 3410 ea-

141 3435 325 3494 Bibliothecae
337 3453 451 3511 etymsss.
465 3460 493 3495 ιι.
510 3445 558 3500 l..
1043 3437 1168 3506 plicatur·
1184 3458 1211 3492 n.
1226 3437 1270 3491 22.

149 3521 316 3577 Bibliotheca
334 3524 425 3580 lacurn
449 3536 540 3594 notat,
565 3525 595 3580 in
619 3544 672 3600 prta
698 3536 868 3593 reponuntur
891 3523 963 3580 libri.
1011 3524 1159 3596 Curatores
1170 3521 1350 3578 bibliothecae
1358 3523 1408 3594 qui
1416 3523 1505 3579 oiim?
1516 3544 1545 3581 ιι.
1560 3525 1602 3580 88.

84 3661 88 3672 ¹
176 3623 203 3656 ιι.
219 3607 246 3658 2.
701 3661 703 3669 ,
1013 3608 1178 3678 Antipucrt'i
1187 3608 1236 3677 qui
1245 3608 1332 3664 dicti?
1344 3628 1373 3662 ιι.
1386 3610 1431 3663 21.

130 3745 132 3754 Ι
145 3688 319 3745 Bibliotheca
332 3702 410 3746 notat
417 3693 504 3766 ipsam
516 3695 649 3754 librorum
662 3693 860 3750 collectionem.
870 3714 899 3750 ιι.
914 3695 938 3748 8.
1015 3691 1145 3746 Custodes
1157 3691 1333 3746 bibliothecae
1343 3693 1412 3765 qui?
1423 3713 1450 3748 n.
1465 3696 1509 3748 28.

146 3776 202 3828 Sub
217 3777 379 3832 bibliotheca
393 3780 581 3851 intelligebant
591 3781 673 3836 etiarn
687 3783 847 3838 armoniam.
860 3798 889 3834 n.
901 3779 926 3831 l.
1011 3777 1139 3845 capsarii
1148 3777 1196 3848 pui
1207 3775 1292 3830 dicti?
1304 3795 1331 3829 ιι.
1345 3780 1387 3832 26.

141 3861 218 3914 Male
232 3862 333 3916 dicitur
343 3863 465 3918 libraria.
480 3881 508 3916 ιι.
524 3865 548 3917 b.
1003 3859 1153 3934 ,Salariam
1163 3862 1384 3930 antiquariorum
1397 3861 1490 3915 unde?
1501 3879 1527 3916 n.
1542 3861 1587 3916 27.

150 3947 288 4001 Germani
310 3957 417 4000 veteres
440 3949 618 4020 appellarunt
640 3947 682 4002 die
701 3947 815 4018 liberes,
837 3946 911 4016 quod
927 3961 964 4000 esc
1016 3943 1089 4012 (laid
1098 3943 1131 3996 de
1143 3943 1298 3998 custodibus
1307 3943 1530 4011 praescribatur?
1543 3964 1572 4001 ιι.
1583 3945 1626 3998 28.

176 4033 304 4098 epistolis
317 4030 427 4088 ineditis
445 4035 560 4104 Georgii
568 4031 706 4102 Spoletini
715 4033 859 4101 probatur.
872 4051 900 4084 ιι.
913 4033 939 4086 8.
1016 4028 1092 4085 Libri
1101 4029 1228 4084 damnati
1236 4030 1423 4086 comburendi.
1436 4050 1465 4084 ιι.
1479 4031 1524 4085 28.

139 4113 316 4170 Br‘bhirtheca
328 4115 357 4169 r'n
372 4118 458 4172 media
471 4129 561 4172 aetate
570 4128 651 4174 notat
662 4117 763 4170 biblia.
776 4133 803 4168 ιι.
818 4117 845 4168 7.
1011 4111 1182 4180 Exemplum
1195 4128 1232 4164 ea
1243 4113 1361 4168 historio
1372 4127 1500 4167 romana.
1510 4131 1539 4168 n.
1554 4115 1599 4166 88.

138 4200 280 4269 Aegpptii
288 4199 318 4252 ιἰι
328 4199 494 4261 bibliothecis
504 4201 612 4271 primas
623 4201 676 4255 sibi
687 4199 828 4270 adserunt.
839 4219 867 4254 ιι.
881 4199 908 4252 8.
1018 4193 1092 4263 (laid
1100 4195 1133 4251 de
1144 4196 1264 4252 luthero
1277 4196 1375 4250 decret.
1387 4199 1561 4254 comburente
1571 4193 1732 4250 dicandum?
1743 4212 1773 4248 ιι.
1786 4195 1832 4247 81.

138 4283 296 4354 Aegyptias
308 4294 414 4339 mutas
423 4297 517 4356 gentes
528 4287 610 4342 allae.
624 4304 651 4338 n.
666 4287 692 4338 9.
1011 4275 1055 4330 De
1065 4278 1141 4332 libris
1151 4279 1295 4334 haereticis
1307 4281 1354 4333 lese
1363 4291 1404 4334 est
1419 4281 1576 4336 Theodosii.
1588 4298 1615 4334 n.
1625 4279 1669 4332 82.

137 4367 275 4422 bladerus
287 4378 312 4420 et
325 4369 499 4426 boulduccus
513 4371 586 4426 ssals
597 4369 773 4424 bibliothecas
788 4363 965 4424 antedilaria·
1010 4361 1224 4434 ranrrfietoran
1236 4364 1340 4418 indices
1351 4364 1549 4437 repurgatorii.
1561 4383 1591 4418 n.
1604 4363 1650 4416 88.

176 4471 234 4508 nas
247 4464 380 4512 statuunt.
392 4475 420 4511 n.
434 4459 479 4508 10.
1011 4443 1096 4499 Bulla
1107 4449 1253 4504 Clementis
1265 4450 1319 4504 nt.
1332 4468 1400 4520 puae
1414 4450 1444 4504 in
1462 4449 1622 4504 bibliotheca
1641 4445 1786 4502 barberina
1798 4443 1833 4498 li·

145 4541 226 4606 Quce
240 4537 421 4594 bibliothecae
432 4538 504 4608 opud
514 4549 612 4592 reseres
625 4532 843 4592 numerosiores?
854 4551 882 4586 n.
896 4534 938 4587 11.
1047 4529 1112 4586 bros
1119 4535 1273 4603 prohibitos
1283 4535 1384 4590 habers
1397 4534 1564 4590 conceditur:
1579 4550 1607 4584 ιι.
1622 4532 1666 4584 81.

139 4622 346 4678 Alexandrina
358 4623 424 4678 olins
438 4621 669 4692 numerosissima.
682 4638 708 4674 n.
722 4619 766 4672 12.
1016 4617 1181 4687 Theophilus
1191 4621 1362 4690 llaynaudus
1374 4633 1474 4674 masor
1484 4619 1616 4674 librorum
1629 4615 1780 4688 iniquum·
1789 4613 1833 4669 88.

140 4707 186 4761 De
198 4707 285 4778 ΙιιιῘιιι
295 4707 428 4762 librorum
443 4722 557 4760 numero
571 4703 650 4762 uarii
658 4702 817 4760 asmantiae.
830 4720 859 4756 ιι.
873 4705 917 4756 18.
1010 4701 1113 4758 Nostra
1123 4705 1158 4758 de
1170 4704 1247 4759 libris
1254 4702 1401 4776 prohibitis
1412 4701 1557 4757 sententia.
1570 4718 1599 4754 ιι.
1613 4701 1658 4754 88.

134 4795 250 4848 Harum
263 4791 433 4848 benedictio.
448 4810 476 4846 n.
492 4792 534 4847 tt.
1010 4786 1109 4840 Arsen
1119 4789 1436 4856 possessionedibrorum
1456 4785 1674 4853 haereticorum,
1687 4782 1833 4838 haereseos

137 4877 223 4932 Duae
233 4877 413 4934 bibliothecae
422 4875 548 4948 publicae
558 4884 638 4931 oront
650 4871 851 4931 Alenondriae
864 4889 892 4926 ιι.
906 4872 949 4926 lb.
1044 4871 1164 4941 suspicio
1176 4873 1366 4941 praebeatur?
1376 4891 1404 4926 n.
1418 4873 1462 4926 87.

142 4961 321 5034 objections,
334 4972 443 5022 tenram
464 4963 512 5017 3110
532 4973 653 5030 tenpore
668 4961 800 5018 stamnum
819 4977 963 5016 nnmerum
1013 4954 1087 5022 (laid
1099 4954 1132 5010 de
1140 4956 1217 5011 libris
1228 4956 1381 5025 seditiosis,
1393 4953 1563 5014 sandolosis
1575 4954 1733 5027 etsamosis
1743 4956 1833 5012 dicea-

173 5065 235 5104 nors
246 5045 350 5114 scisse,
361 5049 546 5116 respondetur.
560 5065 590 5100 ιι.
604 5047 646 5100 18.
1046 5037 1132 5094 dumi
1142 5060 1170 5096 n.
1186 5042 1231 5094 88.

139 5133 182 5188 De
195 5133 419 5190 bibliothecarum
432 5153 482 5190 usu
493 5131 589 5207 aprum
599 5141 663 5188 sunt
675 5127 833 5200 Norhofius
844 5139 872 5184 et
883 5131 962 5186 Nen-
1013 5123 1085 5192 Quid
1095 5125 1128 5182 de
1141 5126 1220 5182 libris
1231 5125 1388 5192 sumena,
1401 5121 1514 5196 magicis
1525 5133 1551 5179 es
1562 5125 1718 5183 nimbibus?
1728 5143 1756 5182 ιι.
1771 5129 1815 5184 ss.

174 5217 269 5272 dacus.
281 5235 308 5270 ιι.
325 5219 367 5270 17.

140 5302 257 5356 Abusus
276 5300 498 5381 bibliothecarum
514 5301 545 5356 in
566 5301 700 5358 librorum
722 5293 963 5356 consarcinatione
1013 5239 1215 5350 Bibliothecae
1239 5313 1289 5351 rex
1306 5313 1382 5365 preca
1408 5304 1465 5361 ast,
1484 5295 1559 5368 qussi
1580 5293 1686 5368 βιβλίον
1704 5291 1786 5362 tter,
1805 5301 1867 5353 stt

175 5387 274 5442 inutili
283 5387 414 5442 coassistit.
427 5405 456 5440 ιι.
467 5387 510 5440 18.
1012 5378 1082 5450 apud
1100 5395 1206 5450 graecos
1232 5390 1261 5435 et
1278 5379 1349 5452 apud
1376 5378 1475 5434 latinos
1495 5390 1546 5434 tsm
1572 5382 1701 5434 librorum
1722 5396 1832 5449 magam

141 5471 330 5543 Ouespasiane
342 5471 433 5524 bellica
445 5469 648 5540 adpuiripotest
661 5465 870 5524 bibliothecari.
887 5467 929 5520 til.
1014 5479 1061 5534 pat·
1077 5481 1105 5518 ss
1122 5478 1266 5530 numerus,
1283 5481 1361 5535 qnam
1381 5465 1456 5542 locas·
1474 5465 1550 5536 ipse,
1569 5466 1598 5520 in
1621 5483 1673 5535 qao
1698 5465 1762 5516 libri
1780 5466 1834 5518 ccl·

138 5555 310 5622 Ecemplsm
334 5555 363 5609 ia
389 5553 624 5628 Hudelbergensi,
649 5570 720 5627 quas
743 5553 773 5607 in
798 5551 959 5606 vaticanam
1014 5548 1092 5600 locati
1104 5558 1184 5615 sont,
1197 5550 1360 5619 appellatur,
1373 5550 1517 5603 secondum
1533 5549 1649 5602 terrun.
1661 5547 1725 5601 Tris
1744 5555 1833 5602 sutem

180 5641 333 5696 translma.
342 5656 369 5694 ιι.
381 5640 424 5694 20.
1015 5633 1182 5704 potissimum
1202 5647 1288 5702 notat,
1306 5633 1346 5689 rel
1370 5634 1477 5702 tuom,
1493 5633 1539 5686 ubi
1565 5642 1728 5706 reponuntur
1745 5631 1830 5696 libri,
