4470 6188
412 281 467 334 stt
970 267 1431 326 ntsrurtrtovt.
1935 255 1991 316 tta
2076 249 2131 268 ”’

358 373 399 428 leo
417 387 441 428 et
462 363 652 444 eppeiietiones
671 389 705 426 ex
721 375 778 443 jure
794 369 868 426 cirili
887 381 1027 430 mutuatae,
1045 367 1090 420 ubi
1110 367 1174 419 teies
1196 365 1200 384 '
1223 365 1393 419 emulationis
1412 383 1464 420 non
1484 359 1605 420 sulficere
1630 361 1663 418 ed
1683 359 1908 434 prohibitionem,
1924 376 2045 413 commn-

353 460 385 511 ad
405 458 515 512 citerius
534 458 709 510 aemulatione
727 455 868 511 eedificere
894 457 1026 509 dicuntur.
1045 453 1116 505 iiuic
1142 467 1174 504 ee
1225 451 1296 503 oiter
1315 450 1394 518 idque
1412 460 1481 504 recte
1499 459 1636 512 esserunt,
1656 447 1702 500 sed
1723 447 1831 514 insuper
1851 441 2045 512 requirunt,ut

354 543 412 610 jure
429 542 501 594 cirili
523 551 653 593 mutuutee
672 539 799 594 iormultte
825 556 902 610 pnrro
925 553 1018 590 omues
1042 536 1082 587 illi
1103 534 1174 588 citri·
1226 534 1339 584 maeitue
1357 533 1384 584 in
1405 549 1513 602 persone
1534 527 1712 594 aedificantis,
1729 529 1832 582 enimus
1852 525 1963 579 nocendi
1982 544 2044 611 olum

1227 614 1306 682 iectu,
1320 631 1351 668 ex
1365 634 1415 684 quo
1426 615 1568 668 'aemulatio
1583 613 1789 686 praesumende,
1802 622 1951 672 concurrat,
1964 627 2043 680 quem

1198 663 1202 732 l
1224 700 1343 751 enimum
1363 698 1487 762 nocendi,
1506 715 1565 750 eum
1586 699 1686 749 interne
1697 695 1840 757 consistet,
1856 694 1924 745 scire
1938 695 2044 761 sellem,

353 625 472 677 buuntnr
490 621 609 686 effectus,
629 640 694 692 quos
720 624 819 692 passim
839 634 953 675 auctores
972 635 997 676 et
1015 621 1174 688 interpretes

352 709 421 776 juris
439 707 526 758 uirilis
547 705 598 774 ipsi
620 707 796 759 transcribere
815 707 909 759 soient.
935 705 966 756 ln
991 704 1111 758 omnium
1128 720 1174 757 ore

354 799 472 842 versetur
490 787 620 853 vulgatum
642 786 719 839 illude
744 789 774 840 in
793 805 839 842 suo
858 789 1013 858 regulsriter
1037 803 1118 853 usque
1142 784 1173 838 ed
1224 798 1275 850 quo
1294 794 1368 851 pecto
1387 781 1496 850 prebere
1515 778 1612 832 seiinti
1633 783 1745 848 Semper
1767 779 1840 830 euim
1859 777 1963 829 diverse
1984 776 2047 846 opi·

353 873 456 924 coetum
474 868 615 923 eediitcore
634 871 742 924 cuilibet
761 872 894 940 integrum
920 888 978 925 esse
1001 882 1027 922 et
1054 871 1173 934 licitum,
1228 863 1306 914 niune
1324 861 1418 916 iactum
1439 864 1612 934 pensitebunt
1628 874 1752 913 extruens
1771 871 1798 912 et
1827 859 1928 912 ricinus
1956 858 2047 930 proiti-

354 970 416 1008 moe
436 963 522 1006 temen
541 951 660 1016 additur,
677 952 746 1021 quod
765 953 793 1004 td
813 953 972 1006 „enitebat
989 949 1091 1004 fierit„
1110 951 1173 1002 ulte·
1226 943 1299 995 bens.
1318 946 1399 998 Hieee
1418 945 1471 997 sibi
1489 964 1521 998 ee
1547 947 1593 998 illo
1622 961 1687 997 noro
1710 958 1790 1011 opere
1807 959 1885 1010 grase
1904 942 2048 996 imminere

353 1038 409 1088 rius
426 1033 637 1100 aemulationem,
657 1035 722 1088 benc
741 1037 812 1089 euim
830 1041 921 1106 justam
941 1033 1099 1106 probibendi
1114 1050 1173 1102 sup·
1226 1028 1296 1080 dicet
1315 1027 1459 1093 du'mnum3
1478 1026 1622 1082 redificaus
1641 1044 1669 1078 se
1686 1025 1783 1078 exinde
1802 1039 1922 1094 magnam
1938 1021 2047 1093 sperare

354 1117 474 1188 peditare
493 1133 612 1180 eausem,
638 1118 693 1170 siu.
711 1131 829 1172 suctores
851 1121 950 1188 pessim
976 1119 1014 1173 od
1031 1116 1070 1169 rit.
1080 1113 1124 1183 ff.
1141 1115 1175 1168 de
1226 1110 1370 1162 utilitstem
1391 1111 1544 1164 eututuabit.
1562 1110 1652 1178 Neque
1671 1123 1779 1161 necesse
1803 1119 1857 1170 est,
1882 1117 1911 1157 ut
1930 1107 1975 1158 iiia
1994 1107 2045 1160 uti·

355 1197 515 1249 seruiens.r'r.
530 1197 562 1248 de
575 1216 645 1252 „000
660 1219 707 1269 ορ,
720 1219 800 1255 nm,
1227 1192 1289 1244 litus
1303 1203 1328 1245 et
1350 1197 1490 1246 necessites
1509 1209 1612 1262 semper
1634 1203 1695 1245 ente
1717 1191 1805 1245 oculos
1825 1189 1908 1258 posite
1927 1206 1986 1244 esee
2004 1189 2048 1244 de·

391 1283 414 1337 ς.
433 1277 475 1328 29.
496 1276 577 1329 Locus
595 1282 702 1348 quidem
724 1281 768 1335 hic
788 1281 1175 1350 largissimumeperireteem-
1226 1273 1314 1326 beent·
1339 1277 1568 1345 Quemadmodum
1595 1272 1714 1328 initurum
1739 1283 1780 1326 est
1806 1271 1948 1340 damnum,
1975 1273 2048 1344 quutl

357 1381 418 1434 pum
440 1366 542 1433 prolixe
561 1365 713 1420 diem-equi
730 1378 757 1421 οι
776 1368 913 1436 “pependi
932 1368 1022 1419 omni,
1038 1367 1094 1427 ἰὼ,
1110 1383 1175 1436 qm
1227 1358 1335 1422 metuit,
1355 1359 1429 1412 etde
1449 1377 1501 1428 quo
1527 1358 1645 1429 queritur
1664 1357 1785 1422 sicinus,
1804 1355 1838 1408 ire
1861 1353 1944 1409 iuture
1963 1359 2046 1411 etiam

353 1463 463 1518 operose
481 1450 637 1516 interpretes
656 1449 959 1514 jurisciriiisitieeirce
980 1451 1116 1502 materiem
1134 1465 1174 1501 ee·
1227 1455 1283 1491 ²⁵⁸⁸
1303 1453 1387 1510 potest
1408 1445 1528 1508 utiliter,
1547 1461 1627 1514 reque
1646 1439 1758 1508 sufficit,
1784 1460 1862 1510 quem
1891 1453 1980 1512 speret
2000 1457 2046 1495 ex·

356 1531 510 1584 muletionis
528 1529 662 1581 cumulare
681 1529 775 1593 soleut;
794 1531 839 1582 sed
856 1531 891 1582 iis
905 1549 935 1582 eo
948 1528 1177 1598 mugisebstiuere
1226 1533 1337 1578 struem.
1358 1525 1467 1580 Provide
1484 1527 1717 1596 circumspectione
1736 1522 1845 1577 cuilibet
1857 1543 1923 1594 upus
1936 1534 1986 1590 est,
2000 1523 2048 1596 qui

356 1612 732 1684 iecerit,quoeommodius
764 1615 900 1682 plerisque
919 1612 980 1664 istis
999 1625 1177 1682 prueseusea·
1228 1607 1302 1661 nturi
1321 1610 1500 1662 etsecuriteti
1520 1627 1626 1663 suerum
1646 1609 1842 1679 provinciarum
1862 1617 2048 1663 rectceonsu·

357 1716 415 1753 rere
434 1708 519 1768 potest
537 1699 701 1752 institutum.
715 1698 744 1749 ld
766 1713 826 1752 sero
843 1700 912 1752 scire
930 1698 1050 1760 interest,
1063 1697 1127 1768 qnid
1141 1697 1177 1749 sit
1227 1687 1362 1754 irrecuit,
1386 1703 1411 1744 ⁶1
1436 1692 1589 1761 ltmpeillvt
1617 1690 1804 1760 fflsslltssdflms
1823 1699 1851 1742 ⁰¹
1879 1691 1907 1740 3¹¹
1931 1686 2049 1745 lilium

356 1783 507 1848 eemuietio,
528 1785 600 1848 cujus
619 1783 722 1835 direrse
741 1783 809 1852 epod
828 1795 949 1835 suctores
968 1783 1175 1851 estinterprete·
1229 1769 1296 1841 ipsis
1315 1773 1380 1826 bene
1400 1777 1444 1827 sit.
1457 1777 1615 1828 vicinorum
1636 1774 1753 1827 animum
1774 1789 1827 1824 nou
1852 1791 1957 1843 semper
1969 1765 2050 1844 pene·
2103 1805 2106 1812 ·

357 1867 406 1922 tio.
425 1866 477 1920 Sed
495 1883 573 1934 quum
592 1866 725 1919 discordes
746 1869 773 1918 in
794 1865 839 1918 iila
854 1860 1004 1918 definienda
1025 1865 1106 1917 etiem
1121 1864 1176 1915 sint
1228 1865 1294 1906 iim
1311 1855 1392 1922 lictis
1417 1861 1530 1913 milli·
1551 1860 1596 1911 lli·
1616 1857 1746 1912 luitwini
1764 1874 1814 1926 ΡΝ
1834 1857 1963 1926 ΟΡίῑῐῦῑῦ,
1981 1875 2050 1928 (1⁰²0

357 1953 535 2018 interpretes,
554 1948 674 2018 plerique
692 1961 777 2002 temen
802 1951 831 2000 in
851 1967 881 2002 en
899 1947 1074 2010 conveniunt,
1100 1947 1175 1998 ilium
1228 1935 1327 2004 ignorit
1346 1939 1511 1994 succinctos
1530 1955 1671 2010 entequam
1693 1939 1790 2003 iccius,
1806 1944 1900 2010 Vrget.
1913 1942 1946 1996 de
1959 1959 1988 1994 re
2001 1943 2049 1997 mi·

355 2030 498 2086 aedificere
514 2032 545 2082 ad
566 2033 782 2097 aemulationem,
806 2033 852 2103 qui
871 2048 937 2103 opus
962 2049 1054 2084 norum
1073 2040 1177 2101 prseter
1227 2019 1304 2074 illari
1318 2022 1367 2076 lid·
1386 2026 1411 2076 3.
1423 2042 1484 2090 cop.
1498 2025 1540 2077 26.
1556 2024 1700 2077 Prudentis
1719 2033 1746 2076 et
1763 2025 1870 2094 pronti
1891 2034 1949 2087 est,
1969 2042 2052 2095 arque

357 2116 536 2168 necessitatem
556 2117 685 2184 suscipit,
704 2131 736 2168 ee
756 2133 808 2183 quo
827 2117 884 2184 ipse
908 2111 1052 2166 aedilicius
1078 2113 1175 2164 nuliem
1227 2121 1334 2175 sperers
1351 2125 1381 2161 eo
1401 2110 1503 2162 timere.
1521 2109 1616 2178 blegne
1636 2108 1746 2177 imperia
1761 2125 1894 2178 nunquam
1909 2110 2050 2164 suntotio·

359 2195 521 2259 utilitatem,
541 2197 642 2248 ticinus
660 2213 720 2249 sero
739 2211 862 2262 magnum
881 2196 1007 2248 damnum
1026 2197 1116 2259 sentit,
1135 2194 1176 2245 rei
1228 2207 1264 2242 se.
1282 2191 1372 2261 Neque
1392 2194 1452 2244 telis
1477 2191 1638 2262 expectanda
1664 2191 1824 2254 necessites,
1849 2208 1919 2260 qne,
1937 2204 2050 2247 extreme

358 2279 506 2349 sicquidem
524 2279 637 2347 aliquem
656 2278 754 2332 exinde
771 2281 900 2349 percipiet
912 2277 1063 2340 utilitatem,
1076 2279 1119 2330 ilic
1141 2286 1176 2328 te·
1228 2276 1279 2341 jem
1300 2277 1459 2344 imminere,
1476 2275 1732 2337 animadvertimus,
1744 2274 1784 2327 rel
1796 2275 1901 2344 quoodo
1916 2277 2051 2330 Hannibal

358 2381 419 2416 men
440 2365 519 2418 relate
541 2365 573 2416 ed
594 2365 717 2417 denirium
737 2376 761 2416 et
779 2363 968 2432 praejudicium
993 2363 1074 2418 ricini
1100 2365 1177 2432 longe
1229 2359 1283 2428 jun
1302 2371 1342 2413 est
1359 2371 1530 2432 anteportes.
1551 2361 1603 2429 Qui
1624 2358 1704 2410 bodie
1723 2357 1842 2408 amicitia
1861 2370 1884 2411 et
1898 2355 2050 2414 foederibus

359 2449 392 2499 eb
411 2447 458 2498 illo
477 2457 633 2516 superetur,
652 2447 705 2499 eid.
724 2448 801 2516 Vasq.
821 2447 868 2498 lib.
893 2447 918 2497 d.
944 2455 1069 2500 controv.
1093 2463 1116 2499 e.
1134 2447 1176 2500 tu.
1227 2442 1305 2496 uobis
1323 2445 1424 2512 juncti,
1444 2445 1476 2498 eb
1498 2443 1554 2496 illis
1574 2458 1635 2495 ruox
1656 2440 1781 2503 hostilia,
1807 2452 1833 2493 et
1863 2458 1980 2511 quareque
2002 2439 2050 2494 etl·

353 2547 388 2580 ·n.
408 2527 452 2580 30.
469 2527 509 2578 Ex
529 2528 601 2580 hisce
619 2527 798 2580 tununensis
812 2536 942 2593 esserunt,
955 2531 1028 2580 otuui
1042 2531 1100 2596 jure
1111 2548 1176 2582 rom·
1231 2541 1303 2580 tersa
1322 2525 1460 2580 metuente
1478 2538 1556 2588 suuts
1576 2525 1718 2596 praecipue
1742 2524 1847 2594 quentin
1878 2526 1940 2577 tries
1967 2525 2050 2577 libere

359 2621 449 2683 petere
464 2611 555 2664 ricino
571 2613 613 2678 jtts
632 2609 806 2680 prohibendi,
827 2627 860 2662 uc
876 2610 939 2680 quid
958 2630 972 2663 e
993 2611 1080 2665 ricino
1099 2611 1175 2664 iorttt·

358 2695 477 2747 iitiorum
497 2705 661 2756 exstruetur,
679 2707 704 2744 et
724 2694 751 2744 iu
772 2694 820 2744 lroe
839 2695 896 2758 jure
914 2709 1044 2744 summurn
1066 2693 1179 2763 aequite-

329 2797 334 2812 ·
360 2783 413 2830 tem
432 2777 599 2844 conspicuam
617 2791 683 2828 esse.
712 2775 852 2827 Pertineut
879 2776 929 2826 bue
955 2774 1084 2829 formulae
1103 2777 1177 2842 iilic,

359 2858 454 2930 quibus
474 2859 556 2926 magis
573 2859 693 2910 odiosam
713 2860 821 2911 reddere
847 2859 955 2912 student
982 2861 1054 2912 illam
1075 2873 1178 2916 exstru-

360 2947 474 2998 ctionem
495 2945 521 2995 tn
542 2943 648 2996 vicinius
667 2943 723 2995 scil.
750 2961 797 3013 per
818 2946 891 2996 illem
915 2945 1012 2998 ricinis
1038 2957 1136 3000 metum
1154 2958 1181 3001 et

360 3041 489 3083 terrorem
508 3028 609 3090 incuti,
628 3029 764 3096 perillum
784 3039 875 3080 contre
906 3029 1121 3080 constitutionem
1148 3031 1180 3082 de
1212 3070 1217 3082 .

362 3129 423 3184 pecc
443 3111 545 3180 publiea
564 3111 677 3180 procuri,
698 3127 744 3178 per
764 3109 834 3160 iliam
856 3110 974 3177 publicae
987 3109 1125 3162 seditionis
1138 3113 1179 3166 sel

367 3193 484 3249 eoettduti
502 3209 591 3245 ansam
612 3191 740 3260 praeberi,
759 3205 783 3246 et
800 3208 865 3260 quie
882 3201 943 3244 sunt
962 3193 1073 3244 similes.

354 3301 358 3308 ⁴
397 3287 419 3341 ς.
439 3279 483 3330 30.
501 3275 627 3345 Equidem
647 3277 691 3344 qui
712 3277 772 3328 tolie
790 3275 918 3340 efferunt,
938 3276 965 3327 bi
979 3277 1047 3327 mihi
1061 3276 1129 3328 nihil
1142 3275 1179 3328 di·

362 3361 433 3416 xisse
450 3362 589 3423 videntur,
608 3370 634 3410 et
652 3375 727 3427 quam
748 3361 862 3429 speciose
882 3360 978 3424 etiem,
996 3377 1179 3428 quamquece·

362 3447 473 3517 quitatis
504 3444 578 3513 plene
604 3443 722 3510 ipsorum
747 3443 868 3510 ridentur
894 3452 1063 3510 urgumeuta,
1085 3442 1180 3510 quibus

363 3527 561 3584 eemulstionem
579 3538 783 3593 prosequuntur,
803 3528 959 3593 praesertim
981 3525 1002 3574 si
1024 3522 1050 3574 in
1072 3525 1179 3577 materie

363 3612 495 3684 praesenti
514 3609 706 3671 redhibeantur,
726 3606 781 3660 iere
801 3619 885 3660 teruen
914 3610 997 3661 susim
1026 3606 1179 3676 affirmare,

365 3697 422 3765 ipsa
441 3707 530 3762 perum
550 3690 645 3743 iubere
665 3693 691 3742 itt
712 3706 822 3742 recessu.
844 3692 948 3744 Etenim
968 3691 1011 3761 qui
1028 3694 1178 3762 seit,quan·

365 3777 401 3831 tis
417 3775 557 3845 impensis,
575 3774 680 3844 quentis
697 3774 848 3842 sumptibus
862 3773 941 3828 bodie
954 3785 1112 3828 extruuntur
1126 3775 1176 3830 ior·

367 3858 469 3922 inlitis,
488 3855 582 3924 quibus
602 3853 718 3907 ferendis
736 3855 781 3906 rix
800 3857 917 3924 integrae
934 3857 1084 3925 provinciae
1104 3857 1178 3910 sulii-

356 3942 454 4004 λιίιιιιι,
472 3939 516 3992 ille
537 3937 613 3990 iecile
630 3955 731 4009 quoque
750 3937 890 4005 iudicabit,
911 3940 986 3990 talem
1005 3955 1103 4005 casum,
1122 3959 1178 4010 quc·

365 4026 417 4078 lem
437 4031 553 4094 mount,
571 4040 623 4092 quo
643 4023 767 4091 princeps
792 4022 887 4092 uliquis
912 4034 1014 4090 praeter
1038 4023 1176 4076 uecessitu-

366 4116 465 4160 temet
489 4105 630 4157 utilitatem
659 4100 817 4156 lurtulitinm
842 4113 962 4170 extruet,
987 4121 1043 4158 esse
1067 4122 1099 4159 er
1123 4125 1181 4160 raro

367 4188 599 4257 contingentibus,
618 4186 658 4240 rel
676 4198 704 4239 ut
723 4189 768 4238 eiii
794 4188 864 4256 loqui
891 4197 997 4252 amant,
1026 4205 1084 4242 esse
1107 4191 1184 4260 piene

367 4291 419 4326 non
439 4272 568 4323 debilem.
585 4271 668 4324 Porro
688 4272 710 4322 si
731 4271 852 4338 dixeris,
865 4291 939 4342 posse
952 4275 1064 4342 aliquem
1078 4275 1184 4330 subesse

368 4351 537 4408 aedificentis
555 4355 699 4408 utilitatem
717 4367 743 4407 et
762 4359 956 4418 necessitatem,
975 4358 1078 4410 ulterius
1098 4368 1182 4413 temen

370 4439 452 4493 ricini
472 4438 659 4507 praejudicium
679 4440 755 4508 iunge
772 4455 830 4491 erse
845 4441 962 4507 prusinas
983 4457 1088 4509 regern,
1109 4443 1134 4492 tu
1146 4462 1184 4496 cr.

367 4533 516 4592 gementum
536 4535 745 4589 praesupponerc
762 4537 848 4572 casum
868 4524 960 4590 partim
986 4524 1095 4594 probatu
1114 4526 1185 4580 diiii·

366 4605 497 4658 ciilimum
517 4603 571 4653 imo
589 4603 798 4672 impossibilem,
817 4605 913 4674 partim
933 4605 956 4657 ei
975 4607 1079 4678 probari
1094 4613 1184 4681 possit,

369 4690 494 4751 inanem,
513 4684 545 4737 etl
564 4701 641 4755 quem
659 4697 745 4739 tetuen
759 4687 808 4738 ista
823 4688 970 4756 probibitio
989 4709 1044 4745 tete
1062 4711 1114 4746 non
1128 4715 1185 4766 por·

369 4771 449 4840 rigit,
467 4781 492 4823 et
510 4769 542 4821 ed
562 4787 638 4838 quem
659 4770 718 4822 ideo
735 4787 838 4840 quoquc
858 4791 909 4826 non
935 4776 1106 4831 extendendo.
1137 4781 1187 4834 Re·

370 4863 459 4921 petere
476 4852 549 4906 enim
570 4853 661 4916 lieret,
678 4854 747 4921 qnod
767 4853 879 4907 subinde
896 4855 928 4906 eb
948 4855 1137 4928 interpretibus
1147 4866 1184 4932 jn-

372 4937 411 4988 ris
430 4937 566 5004 injicitur,
585 4935 768 5004 probetionem
787 4937 973 4992 aetunietionie
997 4957 1053 4994 esse
1076 4942 1185 4999 difficil-

369 5019 481 5081 limem,
500 5036 607 5087 eemqtte
626 5036 756 5089 uunquam
777 5023 916 5090 preesumi.
937 5023 1037 5077 Dicunt
1059 5027 1126 5096 ipsi,
1152 5032 1186 5084 st.

371 5104 471 5174 legenti
499 5103 700 5156 remutetionem
729 5123 781 5158 non
807 5108 897 5160 statim
920 5108 1092 5171 eredendum,
1117 5116 1184 5182 quod

371 5187 478 5258 quidem
498 5187 601 5255 optime
620 5203 648 5239 se
668 5187 752 5241 babet.
772 5187 878 5243 Etenim
905 5201 965 5242 snut
989 5193 1115 5262 queeilem
1142 5198 1183 5248 lu·

371 5271 447 5340 genie
465 5269 538 5323 valde
557 5271 718 5334 meticulose,
738 5273 872 5342 putantis,
891 5273 917 5324 itl
932 5274 1014 5325 elium
1029 5277 1119 5328 statim
1134 5279 1185 5330 rel·

371 5357 413 5418 le,
432 5355 500 5423 qnod
520 5355 614 5423 possit,
633 5373 749 5425 querque
766 5357 911 5423 coliigunt,
935 5374 993 5409 rum
1019 5360 1064 5428 qui
1093 5377 1186 5416 nocere

359 5437 471 5508 possit,
491 5436 578 5489 stetim
597 5454 697 5506 quoque
715 5440 897 5492 rellenoeere.
917 5442 968 5494 Sed
989 5441 1051 5494 berc
1069 5462 1120 5497 uon
1135 5447 1186 5498 sui-

1229 2611 1360 2678 jectantur
1377 2610 1541 2663 sententiae:
1561 2611 1643 2661 Deum
1664 2609 1712 2661 bue
1732 2619 1849 2678 tempore
1867 2626 1917 2660 non
1936 2609 2051 2679 emplius

1230 2709 1288 2746 eum
1308 2693 1475 2764 principibus
1496 2712 1544 2763 per
1563 2694 1707 2762 propbetas
1727 2703 1750 2745 et
1768 2693 1873 2746 somnis
1892 2693 1982 2762 loqui,
2004 2694 2049 2746 sed

1233 2777 1277 2827 ubi
1298 2778 1432 2829 commoda
1452 2777 1564 2829 arrident
1583 2777 1694 2838 occasio,
1706 2775 1795 2828 vicino
1809 2792 1854 2827 suo
1868 2777 1992 2830 damnum
2010 2782 2052 2834 io·

1233 2858 1352 2924 ferendi,
1370 2877 1399 2912 ac
1417 2857 1484 2912 bites
1503 2877 1561 2912 suos
1579 2857 1746 2929 proferendi,
1764 2875 1822 2909 cem
1844 2857 1962 2911 divinem
1977 2881 2049 2914 suca-

1234 2944 1331 2996 tiouem
1352 2944 1496 2995 babendum
1510 2942 1594 3002 ,ciue
1614 2945 1689 2997 talem
1705 2956 1841 3010 personam
1863 2943 1931 3011 epud
1951 2945 2052 2997 tttcur.

1235 3025 1453 3079 Pttffcudorilium
1473 3025 1596 3081 derebus
1614 3023 1809 3094 brandenburg.
1823 3024 1868 3077 lid.
1883 3027 1907 3077 ir.
1927 3029 1950 3092 §.
1962 3027 1987 3080 2.
2006 3026 2052 3078 lati

1235 3112 1439 3166 seroroeetioni
1459 3112 1578 3176 dirime,
1599 3112 1620 3164 si
1649 3110 1678 3161 in
1715 3119 1832 3179 tempore
1849 3119 1874 3162 et
1896 3113 2055 3182 tempestive

1231 3195 1291 3262 quis
1311 3193 1472 3262 prospiciet,
1491 3193 1550 3263 quis
1569 3193 1697 3250 boerelli
1716 3189 1929 3263 reprebentlere?

1267 3275 1291 3349 5.
1312 3279 1356 3328 31.
1376 3277 1470 3329 Locum
1491 3277 1535 3328 bic
1555 3289 1689 3332 merentur
1726 3296 1792 3350 quse
1815 3277 1925 3330 disserit
1944 3276 2053 3329 flobbe-

1232 3361 1288 3415 sius
1300 3361 1332 3414 de
1342 3361 1401 3412 ciue
1415 3377 1471 3430 cup.
1488 3361 1528 3411 tu.
1540 3361 1562 3426 §-
1575 3361 1600 3412 8.
1613 3379 1729 3430 quaeque
1742 3361 1793 3413 bnc
1807 3359 1929 3429 apprime
1943 3358 2053 3412 iecimtt:

1231 3443 1269 3497 ud
1278 3442 1463 3514 defensionem
1474 3443 1577 3511 populi,
1592 3445 1686 3514 inquit,
1701 3443 1854 3514 requiritur,
1869 3453 1899 3495 ut
1911 3443 1966 3494 rins
1975 3463 2052 3511 proe-

1233 3528 1339 3582 muniti.
1359 3527 1541 3582 Proernuniri
1551 3539 1641 3582 nutent
1655 3537 1704 3592 est,
1719 3527 1860 3590 militibus,
1875 3525 1968 3592 ermis,
1981 3527 2053 3582 clus·

1231 3631 1271 3674 se,
1287 3610 1497 3679 propugnaculis
1534 3623 1680 3681 antequam
1699 3610 1781 3664 instet
1797 3609 1961 3677 periculum,
1975 3627 2049 3662 eons-

1230 3695 1745 3766 porutir,etpecuniajomeomportoto
1758 3691 1864 3744 instrui.
1877 3695 1945 3743 Nom
1958 3693 2054 3744 uiliter

1231 3779 1408 3844 conscribere,
1417 3795 1496 3829 ormo
1510 3777 1669 3849 conquirere
1676 3787 1738 3844 post
1748 3786 1879 3843 occeptum
1891 3775 2005 3840 cladem,
2030 3775 2055 3828 si

1231 3881 1288 3918 non
1300 3861 1469 3932 impossibile,
1481 3861 1577 3915 scirem
1588 3874 1677 3913 serum
1691 3869 1738 3913 ert.
1750 3859 1888 3921 Similiter,
1899 3876 2053 3926 propugno-

1231 3947 1291 3998 eulu
1303 3963 1359 3996 non
1371 3955 1436 3999 onte
1448 3944 1515 3997 locis
1526 3943 1686 4014 opportunis
1697 3952 1867 4005 consternere,
1890 3941 2052 4013 unornfiner

1231 4030 1404 4094 irsoudontnr,
1413 4029 1498 4081 simile
1505 4037 1545 4081 ert
1552 4028 1722 4090 rrtsrieorum,
1732 4037 1762 4079 ur
1770 4027 1840 4079 dieu
1849 4027 2053 4094 Demosthenes,

1233 4113 1280 4180 qui
1297 4109 1387 4179 ignori
1408 4112 1476 4162 ortis
1487 4109 1682 4178 gladiatoriae,
1704 4109 1738 4162 od
1760 4127 1816 4160 una
1832 4119 1910 4178 purte
1931 4111 2054 4180 corporis

1235 4194 1274 4247 ud
1284 4194 1369 4248 aliurn
1381 4193 1476 4245 ictibus
1494 4191 1593 4244 moniti
1598 4229 1605 4254 ,
1619 4192 1726 4262 clypeos
1744 4189 1930 4256 tren-strunt,
1951 4203 1977 4244 et
1990 4210 2051 4246 mox

1235 4295 1291 4348 pig.
1310 4295 1362 4347 seq.
1383 4280 1507 4331 Hectores
1530 4273 1758 4338 cresceremus,
1780 4272 1914 4341 obligatos
1934 4293 1989 4328 esse
2011 4293 2054 4330 en·

1236 4381 1299 4418 rore
1312 4379 1362 4428 pro
1377 4359 1496 4423 uiribus,
1517 4377 1551 4412 ne
1563 4357 1726 4425 contingunt
1740 4357 1812 4409 molo
1832 4358 1898 4422 istc,
1917 4377 1985 4428 pune
2004 4379 2054 4415 rue

1236 4453 1329 4507 tuonrg
1348 4443 1411 4493 ltine
1428 4440 1576 4510 tempestiue
1590 4440 1733 4510 pecuniam
1751 4438 1889 4510 colligere,
1908 4440 2004 4493 militer
2017 4443 2053 4496 ic·

1234 4541 1310 4595 gere,
1322 4523 1529 4594 propugnaculo
1542 4521 1689 4592 aedificare
1711 4521 1813 4574 licitum
1830 4538 1900 4584 esre,
1920 4521 1968 4574 uto
1987 4540 2051 4578 uero

1236 4611 1417 4680 nonfacere,
1436 4608 1481 4660 uel
1507 4607 1648 4672 omittere,
1674 4605 1807 4658 illicitum.
1837 4607 1872 4655 tt.
1892 4605 1911 4657 l.
1930 4605 1959 4658 Et
1976 4625 2054 4678 qtrum

1238 4693 1333 4744 misere
1351 4703 1437 4744 aetum
1457 4698 1541 4753 esset,
1561 4690 1584 4740 si
1597 4689 1731 4757 principes
1746 4687 1778 4738 ed
1791 4686 1901 4739 ulterius
1915 4685 2055 4742 arbitrium

1236 4783 1264 4824 et
1281 4772 1423 4824 utilitetem
1435 4773 1585 4825 liberiorem
1604 4785 1677 4824 suem
1701 4771 1776 4824 omui
1795 4771 1853 4836 jure
1871 4771 1923 4820 eibi
1937 4771 2054 4824 debitum

1237 4858 1412 4926 restringere,
1432 4857 1470 4908 rei
1490 4856 1512 4910 ei
1539 4857 1656 4908 setioues
1683 4871 1745 4908 sues
1777 4855 1808 4904 ed
1837 4855 1943 4906 citerius
1961 4871 2056 4908 renum

1239 4953 1336 4995 metum
1357 4943 1472 5012 dirigere
1490 4939 1621 4994 deberent·
1640 4941 1721 5005 Mox,
1740 4959 1793 4994 uno
1820 4940 1980 5009 impetreto,
2002 4959 2057 4995 mac

1237 5026 1292 5078 lum
1312 5025 1376 5078 iliud
1391 5042 1441 5077 uon
1457 5023 1494 5074 ibi
1515 5023 1684 5082 consisteret.
1699 5023 1743 5075 seri
1759 5025 1837 5074 letius
1851 5036 1965 5093 serperet
1978 5045 1985 5091 ς
2000 5041 2057 5081 non

1238 5110 1325 5162 minor
1345 5122 1428 5161 metue
1444 5117 1484 5159 ιιι
1502 5107 1535 5158 air
1554 5107 1771 5158 numerosissimo
1789 5108 1924 5175 exercito,
1942 5119 1968 5162 et
1985 5110 2056 5167 bene

1238 5191 1365 5246 iustrttcta
1385 5191 1498 5255 rnilitieq
1516 5187 1621 5252 inesto,
1647 5207 1699 5241 uuo
1723 5191 1882 5258 impetrato,
1904 5209 1965 5244 moa
1989 5195 2057 5248 aite-

1238 5289 1296 5324 rum
1314 5274 1433 5342 persequi
1455 5272 1623 5334 intenderet,
1638 5273 1719 5343 etqui
1733 5273 1814 5328 initio
1829 5275 1861 5326 tle
1875 5277 2060 5345 impediendis

1238 5353 1408 5408 munimentis
1425 5357 1496 5423 egit,
1517 5369 1577 5407 moe
1598 5355 1630 5408 de
1646 5354 1806 5409 abdicandis
1827 5359 1989 5410 exercitibus
2004 5358 2060 5412 ior-

1238 5455 1283 5491 sen
1303 5453 1448 5492 sermonem
1469 5438 1579 5502 iecerets
1599 5439 1626 5488 id
1641 5455 1702 5491 rero
1716 5455 1758 5492 res
1771 5441 1925 5509 praejudicii
1944 5445 2060 5500 maxime

372 5515 635 5588 detruncatisque
656 5522 1188 5594 illctnetussusqnedequebebetureb
1238 5524 1313 5594 plens
1333 5523 1416 5584 futei·
1436 5523 1457 5576 il
1477 5525 1578 5576 ricinus
1597 5521 1624 5574 ld
1644 5525 1750 5594 Uluti,
1770 5535 1800 5578 ⁰2
1831 5526 1898 5578 ³¹¹²?
1923 5529 2062 5598 pviwllot·

372 5603 439 5676 ipsis
458 5603 644 5673 interpretibus
656 5605 731 5674 juris,
744 5605 789 5677 qui
803 5608 986 5677 allegationem
999 5627 1192 5684 quemcumque
1242 5608 1365 5680 princeps
1382 5607 1527 5666 exereitum
1553 5618 1579 5662 et
1598 5609 1712 5662 militem
1729 5625 1824 5678 suum,
1842 5626 1908 5682 qnae
1926 5627 2005 5682 seque
2024 5611 2059 5666 ed
