4414 6188
221 353 258 408 ω
676 349 723 402 DE
743 349 983 408 ttuctssmns
1004 349 1271 409 tubnssvltttttts
1290 369 1351 410 stc.
1768 355 1805 410 ull

171 466 245 504 seusa
264 445 419 518 prisilegii,
438 441 543 499 amittat
560 441 588 496 id
609 442 777 512 privilegium
796 460 821 498 v.
839 462 864 496 c.
881 461 916 496 an
935 463 987 499 ms·
1039 449 1209 500 antecoenia
1229 447 1371 501 silendum
1391 458 1448 513 est,
1461 458 1554 518 quanta
1571 448 1706 504 obstacula
1724 457 1752 502 et
1771 467 1858 505 remu·

171 533 239 586 ritas
256 550 283 586 se
303 534 433 584 maritum
454 544 567 596 urgunt,
586 527 685 578 amittat
711 521 869 578 beneficium
887 542 998 596 compe·¹
1040 549 1082 585 sas
1100 534 1236 601 proeeasui
1256 533 1359 598 injiciat
1379 534 1509 603 impunita
1530 532 1676 587 mentiendi
1703 533 1730 586 in
1749 532 1859 601 judiciis

172 616 287 672 lfflllst?
304 616 436 669 P⁴⁰l⁸ss¹¹⁸
452 612 486 665 df
504 611 613 676 imiimi·
630 607 676 660 lid·
701 610 762 660 Μ·
785 609 826 661 ¹9·
853 627 880 661 '¹-
899 611 943 662 29·
962 609 989 662 lli
1040 616 1161 668 lceutia.
1179 616 1307 684 Equidem
1328 615 1403 670 tideo
1421 620 1501 670 etism
1520 615 1711 672 Venturamde
1727 619 1862 672 valentiis

173 711 267 769 negat,
287 697 344 750 iere
367 697 447 748 unica
471 695 536 746 ratio
562 691 663 761 decipit
688 690 889 754 dissentientes,
912 709 990 760 qoam
1041 696 1070 749 in
1082 698 1225 761 perstent„
1237 697 1354 768 1515310„
1367 698 1414 750 1ῑρ,
1435 699 1857 755 1‚„10,q„„„„„m„m

171 787 255 836 etiam
275 783 320 835 bic
337 780 458 850 seqnitur
478 773 700 844 Parianus,qund
719 775 748 826 iu
767 775 921 843 poenalibus
939 791 992 828 oon
1042 779 1161 847 justitiae
1178 795 1339 838 remorantes
1364 785 1483 853 posumsa
1507 784 1643 838 mendacia
1667 798 1694 838 et
1712 783 1861 854 falsitates,

174 867 273 920 ΝΜ
291 865 378 919 locum
397 860 533 925 ²¹¹⁸⁰⁵l⁰s
550 859 708 929 l’ftlfflflll²¹
726 858 749 908 ⁸¹
769 875 867 926 9⁰2⁰ss
886 859 942 910 ⁵5⁰²
959 858 991 910 lt·
1043 863 1089 916 ted
1108 867 1194 917 reiera
1213 866 1252 919 nil
1270 867 1323 919 nisi
1336 867 1408 920 lucos
1425 883 1576 920 communes
1594 866 1627 920 de
1645 868 1781 920 mendacio
1800 886 1863 922 eou-

174 949 442 1020 reparabiles,quam
462 941 688 998 circumstantiam
707 940 877 1010 peculiariter
890 939 917 991 in
935 956 993 992 casu
1044 947 1203 1012 sarcinarit,
1223 950 1339 1020 illudque
1358 961 1434 1022 turpe
1453 960 1480 1002 et
1499 949 1663 1021 prohibitum
1683 967 1740 1004 esse
1759 954 1859 1007 timuit.

174 1031 306 1104 praesenti
325 1043 481 1084 concurrere
498 1025 622 1080 Paciuuus
638 1023 788 1078 arbitratur.
802 1022 854 1077 Sed
865 1033 939 1077 carte
951 1041 997 1091 ego
1046 1029 1113 1098 Quis
1132 1048 1193 1084 vero
1212 1049 1289 1086 saum
1301 1035 1349 1086 boc
1369 1034 1396 1086 in
1415 1034 1525 1086 dubium
1545 1033 1668 1086 rorabit?
1680 1034 1802 1106 Neglcxtt
1815 1039 1864 1092 ir..

179 1117 270 1172 ridere
287 1132 339 1170 non
360 1129 491 1184 possum,
507 1127 559 1180 qua
578 1108 679 1162 ratione
699 1107 743 1160 bic
767 1106 878 1159 maritus
899 1106 996 1177 irrepa·
1045 1129 1095 1180 qna
1111 1113 1248 1169 ostendere
1272 1114 1434 1186 specialibus
1459 1117 1583 1170 damnum
1612 1119 1677 1171 illud
1703 1117 1865 1192 infinitum,

181 1199 266 1254 rabile
285 1197 410 1250 &mnam
432 1191 600 1256 incurrat,si
620 1191 709 1252 toltit,
727 1191 798 1260 qood
818 1186 911 1254 debet,
928 1199 956 1242 et
974 1192 996 1242 si
1046 1197 1115 1266 qnod
1134 1215 1166 1249 ca
1185 1199 1346 1270 impunitate
1364 1199 1561 1254 mendaciorum
1583 1203 1739 1258 redundavit
1769 1207 1797 1259 iu
1816 1225 1865 1262 no-

178 1297 290 1354 poenam
311 1277 447 1332 mendacii
471 1277 539 1340 luat,
560 1276 631 1326 unde
656 1283 725 1327 recte
747 1273 773 1327 b.
800 1272 997 1326 Bruonenaann.
1046 1291 1128 1333 stram
1148 1284 1432 1352 prasiu;·geueraliter
1451 1285 1517 1337 illud
1535 1286 1724 1354 complectitur
1742 1293 1786 1344 cs't.
1803 1294 1864 1351 irs.

178 1369 217 1424 “d
226 1367 247 1418 ¹·
260 1360 351 1432 ²¹·ff·
365 1364 397 1416 δ’
408 1363 536 1428 illumi·
548 1358 577 1411 ⁸⁸³
584 1357 710 1430 iffisfi·
722 1375 749 1410 n.
761 1356 994 1409 ffissifflfiWffl
1050 1363 1094 1414 38.
1113 1365 1253 1436 iuquiens:
1270 1383 1415 1438 processus
1427 1369 1595 1422 relumincsi
1609 1369 1637 1422 in
1643 1371 1756 1442 judiciis
1765 1378 1868 1446 agitati

179 1451 228 1504 bic
247 1447 375 1502 admittit.
394 1445 468 1514 Quin
486 1443 564 1495 etiam
582 1444 664 1495 lason
682 1440 711 1492 in
737 1440 756 1490 l.
775 1439 845 1492 sicut
861 1447 954 1493 autem
976 1444 998 1499 ς.
1048 1449 1235 1519 ,wimpgfa
1255 1451 1394 1504 ,pumina
1415 1450 1635 1516 mendaciorum,
1648 1471 1720 1522 qm
1737 1457 1867 1514 ,icem-

183 1533 257 1606 qlwd
273 1525 409 1597 autemff·
429 1528 462 1580 δ’
472 1543 502 1578 ff
510 1522 596 1594 J‘udic·
616 1523 660 1575 blf
678 1539 730 1574 ²⁰¹¹
750 1520 851 1592 respuit
869 1520 999 1572 “imill-
1049 1541 1110 1581 rent
1121 1540 1148 1584 et
1160 1533 1257 1585 ueritus
1269 1545 1420 1598 amaretur,
1428 1551 1486 1587 nnn
1497 1553 1569 1602 opus
1581 1550 1647 1590 esset
1660 1551 1701 1594 tot
1713 1544 1870 1610 causidicis,

183 1637 244 1674 nem
264 1619 297 1670 ad
317 1632 410 1670 otntses
429 1613 509 1675 alios,
522 1609 617 1679 quibus
636 1605 831 1676 competentiae
844 1601 1001 1656 beneficiam
1052 1614 1165 1666 notariis
1178 1627 1204 1667 at
1217 1615 1296 1680 aliia,
1308 1618 1357 1670 scd
1366 1617 1420 1669 soli
1427 1617 1531 1686 indicet
1542 1621 1718 1690 sufficereut,
1731 1627 1818 1693 quiin
1833 1631 1867 1682 li-

183 1704 328 1776 oumpetit,
345 1699 465 1770 qrramaia
484 1697 547 1746 alias
563 1695 748 1748 extensionem
768 1707 910 1762 poenarum
930 1706 1001 1744 meu·
1051 1695 1122 1749 tidus
1134 1697 1222 1752 dubiis
1239 1700 1323 1753 libros
1342 1701 1499 1755 volutarent
1521 1714 1548 1756 et
1567 1708 1721 1763 veritatum
1735 1711 1870 1767 rationem

187 1791 257 1843 dacii
278 1803 354 1856 aegre
372 1783 515 1836 admittere
533 1779 755 1848 rotoma-eptas
774 1787 909 1848 pmpterca
930 1784 1003 1828 oola·
1055 1777 1210 1836 invenirent
1223 1783 1308 1852 sacto
1331 1797 1475 1839 constante
1497 1805 1547 1844 nec
1570 1787 1727 1847 abscondito
1751 1798 1871 1862 prastias,

191 1885 233 1928 tus
252 1871 323 1924 Cels.
342 1867 445 1937 Bargal.
463 1874 543 1918 tract.
555 1862 665 1918 dedolo
684 1862 730 1916 ltl.
742 1862 767 1915 t.
779 1879 835 1930 usp.
854 1862 897 1914 tl.
915 1861 951 1914 Et
967 1863 1003 1914 lu·
1054 1863 1210 1918 mendaciis.
1226 1867 1356 1923 videlicet
1369 1869 1418 1922 boc
1435 1871 1552 1939 primum
1573 1884 1600 1926 el
1619 1877 1767 1948 principale
1786 1881 1871 1952 impe-

175 1957 292 2028 'bsiuum
312 1963 385 2006 certe
397 1958 438 2003 est
458 1947 672 2010 laudamentum,
686 1947 757 2017 quod
776 1944 965 1998 dissentientes
977 1955 1004 1997 et
1056 1948 1206 2003 diruentem
1222 1968 1326 2005 cursum
1339 1953 1455 2021 justitiae
1467 1971 1601 2010 remorsus
1613 1969 1672 2027 est,
1688 1961 1758 2030 qnod
1771 1960 1873 2019 farum

188 2041 247 2110 ipae
263 2041 346 2094 iason
366 2035 462 2104 ubique
481 2030 664 2099 ingeminant,
679 2031 706 2083 in
725 2031 878 2102 [urnalibus
898 2047 950 2082 nou
965 2027 1006 2081 ltu-
1057 2031 1161 2100 ipsum,
1180 2034 1282 2105 dequo
1299 2048 1325 2090 et
1343 2039 1397 2106 ejus
1417 2039 1538 2092 minimis
1563 2044 1766 2100 circumstantiia
1786 2051 1870 2115 juillet

186 2121 346 2174 basclorum
361 2114 561 2169 extensionem:
576 2113 635 2165 iluit
656 2115 728 2166 enim
750 2116 812 2166 baec
828 2110 1005 2166 currclusioes
1055 2114 1120 2168 adeo
1140 2118 1309 2172 laborandum
1329 2133 1384 2185 est,
1404 2131 1440 2174 tot
1459 2125 1689 2190 simulationibus,
1712 2129 1872 2190 falsitatibus

190 2206 303 2274 vulgatis
321 2202 417 2272 regulis
437 2197 649 2266 interpretandi,
666 2199 758 2252 odiosa
777 2213 832 2251 esse
849 2196 1003 2263 restringeu·
1054 2199 1312 2268 aequivocationibus
1331 2203 1448 2259 subdolis
1461 2221 1485 2261 es
1496 2209 1597 2278 apertis
1617 2213 1762 2268 mendaciis
1782 2230 1873 2287 partes

189 2289 240 2356 da,
267 2277 925 2352 naorabiltivemestendmdmjaminferente
946 2301 996 2352 poe
1056 2279 1189 2348 litigantes
1208 2285 1332 2354 utrinque
1351 2288 1545 2354 iutolrant,ut
1559 2308 1634 2360 saepe
1653 2291 1753 2357 iudices
1773 2299 1801 2350 iu
1815 2301 1873 2353 sim
1974 2351 1976 2358 ,

190 2391 239 2427 nae
258 2382 319 2426 sunt
337 2370 461 2435 odiosae,
479 2383 541 2435 ergo
558 2367 765 2436 restringendae.
789 2368 887 2421 Verum
908 2383 959 2418 uon
979 2385 1006 2416 e·
1058 2360 1119 2415 lacti
1132 2365 1215 2432 ipsius
1233 2379 1370 2436 penetrare
1382 2371 1458 2424 omui
1476 2372 1596 2428 adhibito
1612 2374 1712 2442 judicio
1731 2379 1799 2432 band
1815 2403 1875 2455 pos.

190 2457 336 2513 seminabo
355 2458 408 2525 jam
427 2457 550 2525 pluribus
568 2456 703 2508 ueritatem
731 2453 822 2505 barum
843 2449 1007 2518 regularum,
1058 2447 1122 2500 sint.
1139 2451 1217 2503 Unde
1236 2463 1273 2506 tot
1298 2454 1331 2506 ds
1347 2473 1414 2509 noro
1433 2458 1558 2526 utrinque
1585 2457 1721 2515 faciendae
1746 2479 1808 2520 sunt
1827 2469 1873 2524 de-

189 2542 235 2596 sed
258 2532 455 2606 ‚anr'usiunou
476 2540 676 2610 disputaturus,
702 2552 767 2603 nego
793 2550 886 2586 omnes
911 2550 1007 2603 poenm
1059 2532 1273 2598 claratiuues,et
1292 2549 1376 2606 qrarles
1392 2557 1471 2610 saepe
1489 2542 1667 2597 admittendae
1683 2548 1715 2598 ad
1736 2553 1874 2608 noraede·

194 2643 250 2679 esse
268 2623 389 2690 odiosas,
415 2625 469 2676 imo
505 2624 632 2695 plurimas
655 2636 712 2673 esse
740 2615 894 2672 favorabiles
920 2629 945 2670 et
972 2616 1010 2668 sie
1059 2616 1205 2683 litteriones,
1226 2629 1253 2674 et
1270 2620 1339 2690 quod
1359 2623 1450 2675 statim
1469 2624 1503 2676 ab
1523 2625 1599 2680 initio
1617 2629 1687 2682 clare
1705 2630 1830 2689 distincte
1848 2648 1877 2693 aa

190 2707 433 2764 extendentium
458 2724 521 2761 sane
545 2722 606 2760 cusu
630 2702 736 2757 intersit
756 2699 869 2772 reipubl.
886 2700 948 2753 lites
967 2699 1010 2752 ab·
1059 2700 1155 2770 absque
1172 2704 1246 2756 omui
1273 2703 1448 2774 ambiguitate
1466 2709 1507 2760 sel
1530 2706 1603 2763 binis
1622 2711 1709 2766 serbis
1727 2713 1782 2768 dici
1803 2733 1876 2788 pote·

192 2793 321 2855 breviari,
335 2802 362 2846 el
380 2809 441 2844 vero
459 2788 491 2843 ad
512 2790 570 2843 illas
582 2785 772 2840 abbreviandss
786 2785 897 2838 muitum
911 2783 1008 2847 faeiat,
1060 2793 1116 2848 rat,
1136 2784 1185 2838 lton
1202 2785 1308 2840 demum
1330 2803 1424 2856 magno
1444 2807 1503 2843 cnm
1523 2791 1651 2848 lnbnreet
1663 2815 1757 2866 magno
1776 2810 1877 2872 tempo·

194 2878 216 2930 ei
237 2877 379 2948 puniantur
398 2873 546 2938 mendacia,
564 2871 604 2926 uti
624 2885 685 2923 mos
703 2868 807 2932 dicam,
826 2867 891 2936 quid
911 2865 1008 2920 farore·
1061 2867 1098 2920 ris
1117 2883 1176 2919 cum
1195 2869 1337 2941 dispendio
1353 2870 1432 2939 judex
1444 2887 1489 2924 seu
1508 2873 1669 2928 seierenses
1687 2882 1753 2934 actis
1766 2899 1876 2954 eruere,

191 2959 274 3014 bilius
291 2976 340 3034 pso
358 2959 437 3012 salute
456 2958 567 3028 reipubl.
585 2969 643 3008 esse
662 2961 765 3023 polest,
782 2967 862 3020 quam
880 2950 998 3004 estensio

193 3063 253 3098 nem
272 3043 413 3096 admittere
431 3041 460 3094 in
478 3055 526 3110 eo,
546 3054 595 3108 per
612 3038 682 3107 quod
707 3034 884 3102 tranquillitas
902 3033 1006 3103 publica

194 3138 372 3198 promouetur.
392 3125 422 3178 Si
441 3123 509 3176 mins
528 3121 632 3193 publica
650 3134 771 3189 suprema
783 3118 826 3168 les
840 3132 896 3169 asse
914 3116 1007 3181 debet,

194 3213 232 3264 uti
246 3225 300 3276 est,
314 3208 377 3279 quid
394 3207 477 3276 magis
495 3203 587 3258 cilicio
606 3203 710 3256 boniet
726 3203 824 3255 sinceri
838 3200 935 3268 judicis
947 3217 1008 3254 cou-

199 3297 306 3350 veniens
320 3307 372 3359 est,
384 3309 461 3360 quam
481 3289 580 3360 spretis
596 3286 639 3340 dd.
652 3284 842 3356 opinionibus,
853 3285 950 3354 poenas
963 3283 1010 3336 ltu-

197 3377 315 3446 jusrnodi
334 3375 366 3428 ad
386 3375 488 3428 similes
505 3387 595 3437 casos,
613 3370 674 3424 licet
692 3386 743 3422 uon
763 3384 888 3438 espresse
905 3368 935 3418 iu
953 3369 1011 3435 jure

196 3465 287 3515 notati
307 3461 379 3525 sint,
398 3457 553 3520 estendere,
570 3457 644 3524 irrata
662 3453 791 3507 monitum
812 3452 868 3516 icti.
886 3451 916 3502 in
934 3452 953 3503 f.
969 3453 1012 3504 tt.

184 3543 225 3616 ff.
242 3542 277 3595 tle
289 3542 318 3594 lt.
332 3540 493 3612 inquientis:
506 3538 610 3609 quoties
622 3537 680 3606 lege
692 3535 795 3606 alt'quid
809 3555 895 3590 unum
912 3536 960 3590 vel
971 3539 1002 3592 ol

198 3637 287 3678 terum
301 3623 483 3676 introductum
496 3631 549 3684 est,
568 3619 642 3674 douo
654 3618 760 3672 occario
773 3629 827 3680 est,
841 3630 932 3672 cetere
943 3637 1013 3687 quoe

198 3709 313 3762 tendunt
325 3709 361 3759 nd
379 3706 503 3760 eumdem
516 3704 656 3760 utilitatem
676 3700 718 3756 aei
737 3701 961 3772 interpretatione
974 3704 1015 3755 rel

198 3807 272 3850 certe
288 3792 476 3864 jurisdictione
491 3789 615 3862 suppleri.
640 3791 699 3843 iarn
726 3788 757 3840 ad
777 3788 879 3838 similes
897 3805 971 3840 casus
991 3790 1012 3842 si

198 3897 298 3950 poenae
319 3876 513 3929 mendaciorum
532 3874 716 3944 applicantur,
730 3871 819 3926 eadem
839 3872 960 3926 utilitatis
974 3893 1010 3926 ra·

202 3963 241 4015 tio
258 3961 379 4014 occurrit.
398 3958 431 4010 Et
449 3977 507 4012 eom
527 3957 670 4010 secundum
689 3955 709 4008 f.
727 3956 754 4008 ll.
773 3955 795 4021 §.
818 3951 893 4021 ¹·ffi
910 3955 943 4008 de
951 3971 980 4007 u.
990 3971 1014 4008 s.

204 4062 297 4098 sensus
322 4045 408 4116 legum
428 4042 467 4097 sin
487 4039 653 4112 accipiendus
679 4049 727 4103 est,
749 4050 806 4094 tam
825 4056 862 4094 ere
881 4040 1015 4095 sententio

202 4145 286 4198 quam
307 4145 343 4180 ex
366 4125 469 4189 cerdis,
488 4125 559 4176 nibil
578 4121 740 4176 manifestius
757 4134 812 4189 est,
830 4139 910 4194 quarn
930 4137 1015 4178 esten-

199 4214 302 4267 siooem
328 4213 372 4264 bic
397 4211 589 4264 admittendam
615 4224 681 4261 csse.
700 4208 765 4261 Tota
793 4207 865 4260 euim
884 4207 1015 4274 legislatio

200 4315 328 4362 romam,
353 4295 392 4348 uti
420 4294 511 4346 atatim
537 4291 672 4362 probabo,
697 4307 727 4344 eo
754 4289 855 4343 intenta
887 4288 956 4353 fuit,
986 4300 1015 4343 ut

200 4379 338 4434 mendacia
357 4376 417 4432 ideo
434 4378 557 4448 puniret,
580 4394 613 4428 ue
630 4383 861 4446 corrumperentur
878 4372 976 4440 judicia
989 4385 1015 4426 et

198 4464 261 4517 lites
280 4465 444 4516 immortales
463 4459 568 4514 fierent.
586 4458 626 4512 Es
645 4460 692 4512 bae
710 4458 799 4528 itaque
816 4455 966 4510 intentione
979 4458 1015 4511 le·

199 4566 245 4620 ges
267 4549 329 4602 tales
348 4558 410 4600 suut
428 4543 623 4615 dijudicandae.

241 4639 263 4696 ς.
283 4633 327 4686 dil·
339 4634 374 4685 Ut
393 4632 481 4700 itaque
498 4628 529 4682 ad
548 4635 626 4698 caput
644 4623 815 4698 primarium,
828 4628 1015 4698 propterquod

199 4734 327 4788 praeseus
347 4717 411 4768 baec
433 4713 576 4784 disputatio
600 4711 765 4780 conscripta,
786 4713 953 4780 perveniam,
972 4729 1011 4764 re·

199 4799 302 4872 liqnum
320 4809 382 4863 est,
398 4809 426 4851 ut
442 4796 579 4851 ostendam
605 4795 749 4858 utilitates,
767 4810 833 4864 quas
856 4811 888 4847 es
908 4795 956 4847 bac
975 4813 1014 4848 ro·

200 4902 277 4938 mana
297 4883 461 4953 legislatione
482 4879 630 4934 redundant
649 4880 677 4932 iu
703 4879 850 4934 uniuersam
871 4881 1014 4950 rempubli-

201 4985 266 5022 cam.
280 4966 333 5022 Ubi
352 4965 460 5037 quidem
473 4965 574 5018 obslsre
594 4961 698 5015 ridetur
715 4963 863 5015 communis
880 4964 1015 5017 assertioa

203 5053 323 5124 patronis
353 5048 550 5103 mendaciorum
580 5044 660 5114 objici
693 5043 793 5110 tolita,
822 5045 891 5115 quod
920 5063 1018 5114 poenae

201 5137 400 5192 mendaciorum
419 5132 499 5186 bodie
518 5133 575 5184 sint
593 5140 666 5184 estre
678 5145 784 5182 omnem
799 5145 890 5194 nsum,
902 5129 1017 5197 adeoque

201 5219 377 5278 frustraneum
397 5218 446 5282 sit,
459 5231 584 5287 quaerere
603 5231 678 5268 usum
691 5213 829 5284 querulam
849 5215 903 5281 ejus
923 5211 1015 5264 dor-tri·

201 5323 264 5370 uae,
282 5322 349 5374 quae
367 5318 500 5371 nunquam
526 5299 634 5376 deducta
658 5311 696 5352 est
717 5297 744 5348 in
770 5298 863 5366 prasio
892 5311 1016 5348 nostrum.

204 5389 255 5443 Sed
273 5389 431 5460 permittent
450 5385 524 5437 illius
537 5380 681 5436 sententiae
693 5379 825 5444 fautores,
840 5397 881 5430 me
892 5382 945 5447 jeus
958 5379 1013 5449 qni·

1061 2959 1088 3002 et
1104 2952 1177 3020 qrtasi
1197 2952 1353 3006 hariolando
1371 2955 1494 3026 consequi
1521 2957 1604 3012 debet.
1625 2960 1691 3012 iude
1716 2962 1814 3032 duplex
1831 2967 1876 3022 da.

1062 3049 1152 3084 muum
1170 3032 1310 3105 urituril)
1322 3036 1392 3105 quod
1411 3049 1497 3106 partes
1516 3039 1549 3093 ita
1568 3041 1670 3111 inipso
1688 3041 1757 3100 facto
1776 3049 1878 3104 rarian.

1065 3125 1103 3166 tes
1122 3124 1149 3167 et
1168 3115 1234 3168 iliud
1255 3116 1364 3169 subdole
1379 3119 1502 3186 ambigue
1520 3120 1700 3189 proferentes,
1714 3143 1742 3178 se
1761 3130 1877 3188 invicem

1063 3207 1207 3274 provocent
1224 3197 1257 3250 ad
1277 3198 1410 3268 longiores
1427 3199 1609 3266 deductiones,
1630 3206 1699 3258 unde
1719 3209 1792 3264 breui
1812 3222 1879 3266 tem.-

1063 3299 1126 3352 pore
1146 3282 1174 3336 in
1191 3281 1310 3352 ingentia
1328 3282 1460 3339 solumina
1478 3297 1534 3339 acta
1552 3299 1724 3356 excrescunt,
1743 3291 1784 3364 (2)
1800 3295 1872 3365 quod

1063 3366 1108 3419 ubl
1133 3368 1187 3436 jam
1211 3374 1266 3419 acta
1291 3364 1327 3419 ad
1352 3365 1520 3422 referendum
1548 3371 1628 3422 alicui
1646 3389 1678 3426 es
1703 3380 1879 3434 assessoribus

1061 3449 1172 3513 «fantur,
1193 3449 1233 3502 illi
1254 3451 1338 3504 multo
1358 3461 1475 3522 tempore
1494 3454 1646 3525 indigeant,
1668 3466 1724 3511 tum
1744 3462 1772 3512 lu
1792 3465 1878 3532 periu-

1065 3535 1181 3589 straudis
1200 3543 1239 3588 tot
1257 3533 1454 3600 voluminibus,
1471 3547 1526 3591 tum
1544 3555 1631 3592 rerem
1644 3537 1705 3596 facti
1718 3545 1832 3612 speciem
1845 3564 1879 3600 es

1065 3626 1103 3671 tot
1121 3616 1252 3687 ambiguis
1272 3616 1435 3673 anfractibus
1454 3618 1635 3688 litigantium,
1654 3641 1686 3676 es
1706 3635 1740 3678 tol
1760 3626 1881 3683 subdolis

1064 3699 1236 3769 subterfugiis
1255 3701 1402 3758 erolasodi.
1420 3699 1512 3772 Neque
1524 3705 1596 3758 enim
1609 3704 1817 3764 existimandum
1829 3725 1881 3778 est,

1064 3782 1196 3852 litigantes
1209 3798 1312 3854 semper
1330 3785 1479 3839 mendaciis
1499 3785 1651 3841 manifestis
1668 3789 1726 3854 uli,
1739 3793 1782 3844 sed
1802 3795 1881 3850 bodie

1066 3887 1148 3940 utagre
1168 3869 1213 3922 illa
1230 3867 1333 3921 arridet
1350 3869 1465 3930 cautela,
1479 3869 1518 3923 sel
1530 3872 1603 3938 cujus
1621 3869 1783 3943 subterfugia
1801 3895 1881 3948 quae·

1067 3963 1129 4010 rtrut
1149 3953 1241 4019 raris,
1261 3950 1393 4020 ambiguis
1412 3951 1510 4006 utendo
1528 3951 1632 4018 verbis,
1651 3955 1685 4010 ita
1707 3967 1792 4012 tameo
1811 3979 1884 4016 com.

1066 4040 1177 4111 paratis,
1195 4047 1222 4090 ot
1241 4047 1329 4108 postea
1347 4035 1392 4088 illa
1405 4035 1433 4088 in
1444 4053 1520 4089 suum
1540 4053 1646 4106 semper
1664 4035 1778 4094 favorem
1798 4043 1884 4098 inter·

1067 4119 1166 4193 pretori
1186 4119 1366 4192 possiumquo
1380 4119 1438 4190 ipso
1457 4129 1541 4173 totum
1561 4135 1711 4190 processum
1730 4124 1882 4197 ambiguum

1066 4207 1186 4260 reddunt.

1102 4287 1126 4361 5.
1145 4289 1189 4342 dd.
1206 4286 1268 4342 tlon
1287 4285 1455 4343 incommode
1466 4305 1568 4360 qnoque
1586 4287 1636 4342 bue
1655 4287 1741 4344 refero
1760 4291 1803 4344 ilia
1824 4291 1883 4362 ipsa

1068 4370 1232 4442 subterfugia
1253 4381 1278 4426 et
1295 4371 1494 4438 simulationes,
1507 4389 1572 4442 quae
1586 4372 1615 4424 ln
1634 4372 1692 4443 ipso
1709 4372 1768 4426 litis
1786 4375 1883 4442 ingres-

1064 4477 1095 4514 su
1113 4470 1171 4530 ante
1199 4457 1273 4510 litem
1299 4465 1471 4511 contestatam
1498 4452 1560 4509 fieri
1584 4456 1668 4510 solent
1695 4461 1880 4513 communiter.

1067 4544 1140 4598 Licet
1150 4539 1223 4594 enim
1244 4555 1296 4592 uon
1313 4538 1368 4593 sint
1385 4553 1489 4608 semper
1503 4539 1638 4591 mendacia
1651 4537 1811 4606 formaliter,
1822 4554 1885 4598 suut

1068 4637 1155 4681 temen
1174 4621 1292 4692 iugentia
1310 4621 1499 4689 impedimenta
1519 4621 1640 4675 veritatis
1660 4623 1819 4691 indagationi
1838 4623 1885 4677 ob-

1066 4708 1176 4771 stantia,
1190 4707 1244 4757 iuro
1260 4703 1400 4773 aliquando
1411 4721 1476 4774 pura
1491 4715 1552 4770 puta
1567 4703 1711 4759 mendacia.
1725 4707 1795 4775 Quid
1810 4710 1882 4762 enin

1066 4792 1200 4854 dicemus,
1224 4787 1248 4840 si
1274 4785 1406 4854 litigantes
1429 4796 1564 4854 opponant
1589 4788 1769 4857 escepliouem
1797 4789 1884 4860 inepti

1067 4875 1258 4942 libelli,quem
1277 4869 1372 4924 salrari
1390 4885 1465 4939 posse
1484 4869 1590 4932 vident,
1608 4886 1695 4921 noune
1714 4871 1883 4927 mendacium

1068 4958 1240 5014 committunt
1261 4955 1290 5006 in
1308 4947 1421 5005 effectu?
1439 4951 1479 5005 aci
1498 4966 1585 5005 uonna
1598 4949 1626 5002 id
1643 4963 1722 5020 agunt
1739 4951 1840 5004 subdoli
1856 4965 1883 5008 et

1067 5041 1151 5101 vafri.
1169 5049 1200 5094 ut
1223 5037 1340 5106 iudicem
1359 5054 1373 5089 a
1392 5036 1497 5090 tramite
1513 5031 1629 5088 ueritatis
1653 5033 1704 5086 boc
1728 5035 1787 5105 ipso
1804 5035 1883 5090 dedu-

1067 5123 1186 5180 muniit
1204 5132 1293 5176 tamen
1310 5135 1388 5188 saepe
1409 5127 1460 5172 tant
1485 5115 1591 5186 looprm
1617 5125 1722 5188 tempos
1749 5120 1821 5172 bisce
1839 5121 1884 5172 di·

1067 5205 1262 5280 sputationibas
1275 5219 1354 5274 saper
1372 5199 1620 5271 aptitudiuelibelii
1639 5201 1796 5267 insumitur,
1812 5205 1882 5258 intra

1068 5293 1136 5360 (qnod
1157 5303 1225 5343 totus
1244 5302 1383 5356 processus
1401 5280 1479 5336 finiri
1498 5283 1638 5354 potuisset.
1658 5284 1726 5342 Boni
1745 5287 1830 5356 itaque
1848 5289 1885 5354 iu-

1067 5377 1136 5428 dicis
1159 5369 1279 5427 officium
1296 5381 1358 5435 est,
1374 5369 1438 5422 tales
1464 5368 1574 5422 inutiles
1598 5371 1765 5442 acceptiones
1792 5373 1882 5426 statim

203 5475 262 5530 deut
282 5473 314 5527 ad
334 5473 403 5525 banc
428 5469 606 5539 objectionem
632 5485 685 5520 nou
712 5464 886 5533 respondere.
904 5480 962 5514 corn
990 5463 1015 5513 id
1068 5463 1191 5528 rejicere,
1208 5458 1275 5527 quod
1295 5459 1428 5524 eleganter
1446 5452 1561 5522 esplieat
1587 5454 1692 5508 Mevius
1707 5473 1735 5522 p.
1753 5455 1777 5508 2.
1803 5455 1884 5508 decis.

202 5571 261 5633 post
279 5571 416 5612 ostensum
435 5573 509 5609 usum
531 5554 608 5622 hujus
625 5549 760 5605 doctrinae
772 5548 874 5602 facilins
887 5545 944 5600 lieri
960 5565 1014 5616 pos·
1069 5545 1130 5596 tlt.
1149 5561 1176 5596 n.
1195 5543 1220 5594 ².
1240 5543 1264 5593 3.
1285 5539 1329 5594 ubi
1348 5539 1517 5607 conqueritur
1534 5537 1629 5600 simul,
1647 5538 1716 5608 quod
1736 5547 1788 5590 tam
1803 5539 1883 5593 multa

204 5647 246 5696 ait.
262 5641 328 5698 Cum
342 5658 405 5696 vero
423 5655 535 5710 poenam
556 5635 749 5690 mendaciorum
762 5633 926 5705 potissimum
939 5649 1013 5700 quae·
1067 5643 1226 5700 supervacue
1246 5627 1275 5680 in
1293 5624 1366 5676 litent
1383 5622 1503 5686 senient,
1516 5631 1543 5674 et
1556 5637 1690 5692 processus
1705 5637 1736 5674 co
1754 5620 1812 5692 ipsu
1829 5637 1883 5674 sae-

202 5742 290 5783 ramos
316 5725 346 5779 in
370 5721 555 5780 abbreviandis
584 5729 610 5775 ct
631 5717 801 5790 amputandis
825 5717 1014 5801 processibus,
1068 5705 1622 5786 pecuufundautur.Videlicetesistimant
1639 5705 1883 5774 advocati,scnon
