<?xml version="1.0" encoding="UTF-8"?>
<!DOCTYPE html PUBLIC "-//W3C//DTD XHTML 1.0 Transitional//EN"
    "http://www.w3.org/TR/xhtml1/DTD/xhtml1-transitional.dtd">
<html xmlns="http://www.w3.org/1999/xhtml" xml:lang="en" lang="en">
 <head>
  <title>
</title>
<meta http-equiv="Content-Type" content="text/html;charset=utf-8" />
  <meta name='ocr-system' content='tesseract 3.04.00' />
  <meta name='ocr-capabilities' content='ocr_page ocr_carea ocr_par ocr_line ocrx_word'/>
</head>
<body>
  <div class='ocr_page' id='page_1' title='image "./samuelisstrykii04schogoog_0104.png"; bbox 0 0 4470 6188; ppageno 0'>
   <div class='ocr_carea' id='block_1_1' title="bbox 361 285 2053 1372">
    <p class='ocr_par' dir='ltr' id='par_1_1' title="bbox 361 285 2053 1372">
     <span class='ocr_line' id='line_1_1' title="bbox 415 285 1998 353; baseline -0.005 -1"><span class='ocrx_word' id='word_1_1' title='bbox 415 298 469 353; x_wconf 73' lang='grc'>199</span> <span class='ocrx_word' id='word_1_2' title='bbox 969 285 1346 347; x_wconf 77' lang='lat' dir='ltr'>DISPUTl’ilO</span> <span class='ocrx_word' id='word_1_3' title='bbox 1383 285 1443 347; x_wconf 78' lang='lat' dir='ltr'>Vll.</span> <span class='ocrx_word' id='word_1_4' title='bbox 1944 285 1998 344; x_wconf 68' lang='grc' dir='ltr'><strong><em>Μ</em></strong></span> 
     </span>
     <span class='ocr_line' id='line_1_2' title="bbox 361 381 2050 464; baseline -0.005 -17"><span class='ocrx_word' id='word_1_5' title='bbox 361 393 412 464; x_wconf 67' lang='grc' dir='ltr'>Ιίςί</span> <span class='ocrx_word' id='word_1_6' title='bbox 431 401 532 463; x_wconf 83' lang='lat' dir='ltr'>potest,</span> <span class='ocrx_word' id='word_1_7' title='bbox 553 389 610 444; x_wconf 75' lang='lat' dir='ltr'>reil-</span> <span class='ocrx_word' id='word_1_8' title='bbox 627 385 696 460; x_wconf 83' lang='lat' dir='ltr'>qootl</span> <span class='ocrx_word' id='word_1_9' title='bbox 714 384 809 440; x_wconf 63' lang='lat' dir='ltr'>stitus</span> <span class='ocrx_word' id='word_1_10' title='bbox 826 383 928 458; x_wconf 77' lang='lat' dir='ltr'>optime</span> <span class='ocrx_word' id='word_1_11' title='bbox 940 388 1085 437; x_wconf 78' lang='lat' dir='ltr'>consistere</span> <span class='ocrx_word' id='word_1_12' title='bbox 1098 387 1181 455; x_wconf 80' lang='lat' dir='ltr'>pettit</span> <span class='ocrx_word' id='word_1_13' title='bbox 1236 387 1337 451; x_wconf 85' lang='lat' dir='ltr'>relittt,</span> <span class='ocrx_word' id='word_1_14' title='bbox 1355 387 1397 457; x_wconf 78' lang='lat' dir='ltr'>jus</span> <span class='ocrx_word' id='word_1_15' title='bbox 1416 381 1582 458; x_wconf 83' lang='lat' dir='ltr'>probibeutli</span> <span class='ocrx_word' id='word_1_16' title='bbox 1607 397 1727 438; x_wconf 69' lang='lat' dir='ltr'>uertere</span> <span class='ocrx_word' id='word_1_17' title='bbox 1753 399 1850 454; x_wconf 63' lang='lat' dir='ltr'>mate,</span> <span class='ocrx_word' id='word_1_18' title='bbox 1877 397 1966 439; x_wconf 68' lang='lat' dir='ltr'>soture</span> <span class='ocrx_word' id='word_1_19' title='bbox 1991 401 2050 440; x_wconf 83' lang='lat' dir='ltr'>cnu-</span> 
     </span>
     <span class='ocr_line' id='line_1_3' title="bbox 362 469 1987 546; baseline -0.007 -16"><span class='ocrx_word' id='word_1_20' title='bbox 362 487 390 530; x_wconf 92' lang='lat' dir='ltr'>et</span> <span class='ocrx_word' id='word_1_21' title='bbox 409 476 540 546; x_wconf 73' lang='lat' dir='ltr'>plurimae</span> <span class='ocrx_word' id='word_1_22' title='bbox 559 473 737 538; x_wconf 88' lang='lat' dir='ltr'>constiterint,</span> <span class='ocrx_word' id='word_1_23' title='bbox 755 470 835 522; x_wconf 88' lang='lat' dir='ltr'>nollit</span> <span class='ocrx_word' id='word_1_24' title='bbox 852 469 915 522; x_wconf 87' lang='lat' dir='ltr'>licet</span> <span class='ocrx_word' id='word_1_25' title='bbox 929 469 1066 521; x_wconf 88' lang='lat' dir='ltr'>moenibus</span> <span class='ocrx_word' id='word_1_26' title='bbox 1084 469 1182 525; x_wconf 85' lang='lat' dir='ltr'>iustru·</span> <span class='ocrx_word' id='word_1_27' title='bbox 1231 469 1330 524; x_wconf 84' lang='lat' dir='ltr'>eludo.</span> <span class='ocrx_word' id='word_1_28' title='bbox 1949 488 1952 500; x_wconf 72' lang='lat'><em>¹</em></span> <span class='ocrx_word' id='word_1_29' title='bbox 1983 489 1987 498; x_wconf 93' lang='lat'>·</span> 
     </span>
     <span class='ocr_line' id='line_1_4' title="bbox 362 551 1884 632; baseline -0.007 -19"><span class='ocrx_word' id='word_1_30' title='bbox 362 568 421 613; x_wconf 84' lang='lat' dir='ltr'>ctae</span> <span class='ocrx_word' id='word_1_31' title='bbox 439 558 504 611; x_wconf 90' lang='lat' dir='ltr'>sint.</span> <span class='ocrx_word' id='word_1_32' title='bbox 523 556 628 627; x_wconf 82' lang='lat' dir='ltr'>Quibus</span> <span class='ocrx_word' id='word_1_33' title='bbox 645 553 756 624; x_wconf 83' lang='lat' dir='ltr'>positis,</span> <span class='ocrx_word' id='word_1_34' title='bbox 773 567 834 606; x_wconf 87' lang='lat' dir='ltr'>cunr</span> <span class='ocrx_word' id='word_1_35' title='bbox 858 562 949 606; x_wconf 74' lang='lat' dir='ltr'>nator·</span> <span class='ocrx_word' id='word_1_36' title='bbox 972 551 1111 605; x_wconf 87' lang='lat' dir='ltr'>ciritstttm</span> <span class='ocrx_word' id='word_1_37' title='bbox 1131 570 1180 607; x_wconf 86' lang='lat' dir='ltr'>nes</span> <span class='ocrx_word' id='word_1_38' title='bbox 1484 563 1578 604; x_wconf 82' lang='lat' dir='ltr'>cort</span> <span class='ocrx_word' id='word_1_39' title='bbox 1598 564 1614 604; x_wconf 83' lang='lat' dir='ltr'>tt</span> <span class='ocrx_word' id='word_1_40' title='bbox 1632 563 1650 604; x_wconf 82' lang='grc' dir='ltr'><em>ι</em></span> <span class='ocrx_word' id='word_1_41' title='bbox 1669 563 1688 605; x_wconf 88' lang='lat' dir='ltr'>tt</span> <span class='ocrx_word' id='word_1_42' title='bbox 1705 565 1721 602; x_wconf 79' lang='lat' dir='ltr'>s</span> <span class='ocrx_word' id='word_1_43' title='bbox 1738 563 1755 603; x_wconf 83' lang='lat'><em>1</em></span> <span class='ocrx_word' id='word_1_44' title='bbox 1772 563 1799 603; x_wconf 83' lang='lat' dir='ltr'>o.</span> <span class='ocrx_word' id='word_1_45' title='bbox 1882 625 1884 632; x_wconf 33' lang='grc' dir='ltr'>Ι</span> 
     </span>
     <span class='ocr_line' id='line_1_5' title="bbox 366 631 2051 706; baseline -0.004 -11"><span class='ocrx_word' id='word_1_46' title='bbox 366 657 456 696; x_wconf 83' lang='lat' dir='ltr'>muros</span> <span class='ocrx_word' id='word_1_47' title='bbox 474 643 514 694; x_wconf 83' lang='lat' dir='ltr'>tet</span> <span class='ocrx_word' id='word_1_48' title='bbox 535 640 638 692; x_wconf 80' lang='lat' dir='ltr'>moenia</span> <span class='ocrx_word' id='word_1_49' title='bbox 658 638 798 706; x_wconf 74' lang='lat' dir='ltr'>requirat,</span> <span class='ocrx_word' id='word_1_50' title='bbox 815 652 900 706; x_wconf 86' lang='lat' dir='ltr'>nsque</span> <span class='ocrx_word' id='word_1_51' title='bbox 919 634 1041 690; x_wconf 83' lang='lat' dir='ltr'>ciritstet</span> <span class='ocrx_word' id='word_1_52' title='bbox 1068 638 1182 690; x_wconf 83' lang='lat' dir='ltr'>tunnini-</span> <span class='ocrx_word' id='word_1_53' title='bbox 1267 635 1299 689; x_wconf 78' lang='lat' dir='ltr'>Et</span> <span class='ocrx_word' id='word_1_54' title='bbox 1318 636 1383 689; x_wconf 81' lang='lat' dir='ltr'>bees</span> <span class='ocrx_word' id='word_1_55' title='bbox 1401 632 1523 697; x_wconf 83' lang='lat' dir='ltr'>inerunt,</span> <span class='ocrx_word' id='word_1_56' title='bbox 1542 651 1608 704; x_wconf 84' lang='lat' dir='ltr'>quse</span> <span class='ocrx_word' id='word_1_57' title='bbox 1627 635 1656 686; x_wconf 86' lang='lat' dir='ltr'>in</span> <span class='ocrx_word' id='word_1_58' title='bbox 1674 633 1821 702; x_wconf 74' lang='lat' dir='ltr'>rnessntt,</span> <span class='ocrx_word' id='word_1_59' title='bbox 1841 645 1902 698; x_wconf 82' lang='lat' dir='ltr'>tuo,</span> <span class='ocrx_word' id='word_1_60' title='bbox 1921 631 2051 691; x_wconf 83' lang='lat' dir='ltr'>benerols</span> 
     </span>
     <span class='ocr_line' id='line_1_6' title="bbox 361 715 2051 796; baseline -0.005 -19"><span class='ocrx_word' id='word_1_61' title='bbox 361 727 435 796; x_wconf 79' lang='lat' dir='ltr'>pelet</span> <span class='ocrx_word' id='word_1_62' title='bbox 453 725 530 796; x_wconf 80' lang='lat' dir='ltr'>plura</span> <span class='ocrx_word' id='word_1_63' title='bbox 550 725 589 776; x_wconf 87' lang='lat' dir='ltr'>tel</span> <span class='ocrx_word' id='word_1_64' title='bbox 609 722 707 787; x_wconf 73' lang='lat' dir='ltr'>tucior·</span> <span class='ocrx_word' id='word_1_65' title='bbox 724 723 793 787; x_wconf 80' lang='lat' dir='ltr'>jura,</span> <span class='ocrx_word' id='word_1_66' title='bbox 811 737 888 790; x_wconf 79' lang='lat' dir='ltr'>quam</span> <span class='ocrx_word' id='word_1_67' title='bbox 907 737 972 788; x_wconf 86' lang='lat' dir='ltr'>quse</span> <span class='ocrx_word' id='word_1_68' title='bbox 986 719 1098 787; x_wconf 72' lang='lat' dir='ltr'>grstints</span> <span class='ocrx_word' id='word_1_69' title='bbox 1113 721 1180 789; x_wconf 90' lang='lat' dir='ltr'>ipsis</span> <span class='ocrx_word' id='word_1_70' title='bbox 1231 720 1330 786; x_wconf 84' lang='lat' dir='ltr'>lector,</span> <span class='ocrx_word' id='word_1_71' title='bbox 1349 718 1450 785; x_wconf 67' lang='lat' dir='ltr'>tutori,</span> <span class='ocrx_word' id='word_1_72' title='bbox 1470 717 1572 786; x_wconf 84' lang='lat' dir='ltr'>judicio</span> <span class='ocrx_word' id='word_1_73' title='bbox 1591 726 1620 769; x_wconf 88' lang='lat' dir='ltr'>et</span> <span class='ocrx_word' id='word_1_74' title='bbox 1637 733 1765 770; x_wconf 86' lang='lat' dir='ltr'>censtrrtte</span> <span class='ocrx_word' id='word_1_75' title='bbox 1782 715 1941 770; x_wconf 68' lang='lat' dir='ltr'>submittere</span> <span class='ocrx_word' id='word_1_76' title='bbox 1958 720 2051 786; x_wconf 62' lang='lat' dir='ltr'>voluis</span> 
     </span>
     <span class='ocr_line' id='line_1_7' title="bbox 363 800 2052 876; baseline -0.004 -14"><span class='ocrx_word' id='word_1_77' title='bbox 363 811 494 862; x_wconf 79' lang='lat' dir='ltr'>concessit</span> <span class='ocrx_word' id='word_1_78' title='bbox 512 807 658 862; x_wconf 72' lang='lat' dir='ltr'>liberaliter</span> <span class='ocrx_word' id='word_1_79' title='bbox 675 804 817 876; x_wconf 87' lang='lat' dir='ltr'>principis,</span> <span class='ocrx_word' id='word_1_80' title='bbox 836 801 970 875; x_wconf 85' lang='lat' dir='ltr'>possidere</span> <span class='ocrx_word' id='word_1_81' title='bbox 991 804 1029 858; x_wconf 84' lang='lat' dir='ltr'>rel</span> <span class='ocrx_word' id='word_1_82' title='bbox 1048 803 1101 854; x_wconf 88' lang='lat' dir='ltr'>sibi</span> <span class='ocrx_word' id='word_1_83' title='bbox 1122 805 1180 858; x_wconf 86' lang='lat' dir='ltr'>rio·</span> <span class='ocrx_word' id='word_1_84' title='bbox 1231 802 1298 856; x_wconf 85' lang='lat' dir='ltr'>bene</span> <span class='ocrx_word' id='word_1_85' title='bbox 1317 821 1435 872; x_wconf 71' lang='lat' dir='ltr'>gnarus,</span> <span class='ocrx_word' id='word_1_86' title='bbox 1453 819 1591 873; x_wconf 86' lang='lat' dir='ltr'>superesse</span> <span class='ocrx_word' id='word_1_87' title='bbox 1607 800 1693 853; x_wconf 81' lang='lat' dir='ltr'>adhue</span> <span class='ocrx_word' id='word_1_88' title='bbox 1713 801 1797 853; x_wconf 80' lang='lat' dir='ltr'>mults</span> <span class='ocrx_word' id='word_1_89' title='bbox 1820 801 1930 870; x_wconf 79' lang='lat' dir='ltr'>capita,</span> <span class='ocrx_word' id='word_1_90' title='bbox 1950 816 2052 872; x_wconf 82' lang='lat' dir='ltr'>aprae-</span> 
     </span>
     <span class='ocr_line' id='line_1_8' title="bbox 364 886 2051 964; baseline -0.005 -18"><span class='ocrx_word' id='word_1_91' title='bbox 364 895 459 947; x_wconf 83' lang='lat' dir='ltr'>diesre</span> <span class='ocrx_word' id='word_1_92' title='bbox 477 892 594 964; x_wconf 77' lang='lat' dir='ltr'>possint,</span> <span class='ocrx_word' id='word_1_93' title='bbox 612 901 724 961; x_wconf 84' lang='lat' dir='ltr'>eumque</span> <span class='ocrx_word' id='word_1_94' title='bbox 742 889 842 942; x_wconf 81' lang='lat' dir='ltr'>insoles</span> <span class='ocrx_word' id='word_1_95' title='bbox 860 887 997 942; x_wconf 81' lang='lat' dir='ltr'>eiritatnrn</span> <span class='ocrx_word' id='word_1_96' title='bbox 1015 903 1097 956; x_wconf 85' lang='lat' dir='ltr'>seque</span> <span class='ocrx_word' id='word_1_97' title='bbox 1122 905 1179 940; x_wconf 81' lang='lat' dir='ltr'>otn-</span> <span class='ocrx_word' id='word_1_98' title='bbox 1230 886 1301 941; x_wconf 85' lang='lat' dir='ltr'>senti</span> <span class='ocrx_word' id='word_1_99' title='bbox 1321 889 1475 940; x_wconf 84' lang='lat' dir='ltr'>trtetstinne</span> <span class='ocrx_word' id='word_1_100' title='bbox 1488 903 1540 938; x_wconf 89' lang='lat' dir='ltr'>nou</span> <span class='ocrx_word' id='word_1_101' title='bbox 1560 887 1668 949; x_wconf 77' lang='lat' dir='ltr'>eliens,</span> <span class='ocrx_word' id='word_1_102' title='bbox 1686 901 1804 956; x_wconf 80' lang='lat' dir='ltr'>qttseque</span> <span class='ocrx_word' id='word_1_103' title='bbox 1822 903 1881 937; x_wconf 86' lang='lat' dir='ltr'>euru</span> <span class='ocrx_word' id='word_1_104' title='bbox 1900 886 2051 954; x_wconf 80' lang='lat' dir='ltr'>jocundite-</span> 
     </span>
     <span class='ocr_line' id='line_1_9' title="bbox 364 966 2049 1036; baseline -0.004 -8"><span class='ocrx_word' id='word_1_105' title='bbox 364 986 444 1028; x_wconf 86' lang='lat' dir='ltr'>nesnt</span> <span class='ocrx_word' id='word_1_106' title='bbox 463 975 564 1029; x_wconf 87' lang='lat' dir='ltr'>subditi</span> <span class='ocrx_word' id='word_1_107' title='bbox 582 989 642 1028; x_wconf 85' lang='lat' dir='ltr'>curn</span> <span class='ocrx_word' id='word_1_108' title='bbox 659 972 736 1036; x_wconf 77' lang='lat' dir='ltr'>eliis,</span> <span class='ocrx_word' id='word_1_109' title='bbox 754 981 828 1024; x_wconf 78' lang='lat' dir='ltr'>extre</span> <span class='ocrx_word' id='word_1_110' title='bbox 846 971 983 1025; x_wconf 74' lang='lat' dir='ltr'>civitatem</span> <span class='ocrx_word' id='word_1_111' title='bbox 1007 970 1178 1035; x_wconf 74' lang='lat' dir='ltr'>vitentibus,</span> <span class='ocrx_word' id='word_1_112' title='bbox 1232 979 1257 1022; x_wconf 91' lang='lat' dir='ltr'>te</span> <span class='ocrx_word' id='word_1_113' title='bbox 1274 976 1302 1021; x_wconf 91' lang='lat' dir='ltr'>et</span> <span class='ocrx_word' id='word_1_114' title='bbox 1320 969 1437 1022; x_wconf 79' lang='lat' dir='ltr'>utilitate</span> <span class='ocrx_word' id='word_1_115' title='bbox 1456 970 1500 1022; x_wconf 85' lang='lat' dir='ltr'>bie</span> <span class='ocrx_word' id='word_1_116' title='bbox 1519 966 1642 1022; x_wconf 86' lang='lat' dir='ltr'>interseri</span> <span class='ocrx_word' id='word_1_117' title='bbox 1661 969 1822 1036; x_wconf 72' lang='lat' dir='ltr'>potuissent,</span> <span class='ocrx_word' id='word_1_118' title='bbox 1842 985 1871 1020; x_wconf 84' lang='lat' dir='ltr'>es</span> <span class='ocrx_word' id='word_1_119' title='bbox 1891 980 1979 1022; x_wconf 80' lang='lat' dir='ltr'>tameo</span> <span class='ocrx_word' id='word_1_120' title='bbox 1993 987 2049 1025; x_wconf 90' lang='lat' dir='ltr'>oon</span> 
     </span>
     <span class='ocr_line' id='line_1_10' title="bbox 361 1049 2053 1128; baseline -0.004 -18"><span class='ocrx_word' id='word_1_121' title='bbox 361 1059 405 1128; x_wconf 72' lang='lat' dir='ltr'>lus</span> <span class='ocrx_word' id='word_1_122' title='bbox 424 1059 560 1112; x_wconf 86' lang='lat' dir='ltr'>muniendi</span> <span class='ocrx_word' id='word_1_123' title='bbox 580 1057 633 1110; x_wconf 84' lang='lat' dir='ltr'>sibl</span> <span class='ocrx_word' id='word_1_124' title='bbox 651 1070 772 1124; x_wconf 71' lang='lat' dir='ltr'>arrogare</span> <span class='ocrx_word' id='word_1_125' title='bbox 789 1062 942 1122; x_wconf 87' lang='lat' dir='ltr'>nequeunt,</span> <span class='ocrx_word' id='word_1_126' title='bbox 961 1052 1015 1106; x_wconf 89' lang='lat' dir='ltr'>niti</span> <span class='ocrx_word' id='word_1_127' title='bbox 1034 1052 1180 1120; x_wconf 69' lang='lat' dir='ltr'>privilegiis</span> <span class='ocrx_word' id='word_1_128' title='bbox 1233 1060 1286 1103; x_wconf 81' lang='lat' dir='ltr'>tattt</span> <span class='ocrx_word' id='word_1_129' title='bbox 1304 1052 1411 1117; x_wconf 83' lang='lat' dir='ltr'>omitto,</span> <span class='ocrx_word' id='word_1_130' title='bbox 1430 1068 1510 1120; x_wconf 80' lang='lat' dir='ltr'>quam</span> <span class='ocrx_word' id='word_1_131' title='bbox 1529 1050 1591 1104; x_wconf 82' lang='lat' dir='ltr'>eliis</span> <span class='ocrx_word' id='word_1_132' title='bbox 1610 1049 1745 1118; x_wconf 76' lang='lat' dir='ltr'>relinquo,</span> <span class='ocrx_word' id='word_1_133' title='bbox 1766 1051 1871 1104; x_wconf 81' lang='lat' dir='ltr'>strtutts</span> <span class='ocrx_word' id='word_1_134' title='bbox 1889 1060 1916 1101; x_wconf 84' lang='lat' dir='ltr'>et</span> <span class='ocrx_word' id='word_1_135' title='bbox 1936 1051 2053 1120; x_wconf 84' lang='lat' dir='ltr'>pruden-</span> 
     </span>
     <span class='ocr_line' id='line_1_11' title="bbox 363 1131 2050 1211; baseline -0.004 -17"><span class='ocrx_word' id='word_1_136' title='bbox 363 1142 433 1211; x_wconf 86' lang='lat' dir='ltr'>ipsis</span> <span class='ocrx_word' id='word_1_137' title='bbox 452 1142 514 1194; x_wconf 83' lang='lat' dir='ltr'>baec</span> <span class='ocrx_word' id='word_1_138' title='bbox 531 1140 642 1194; x_wconf 78' lang='lat' dir='ltr'>incultas</span> <span class='ocrx_word' id='word_1_139' title='bbox 660 1153 799 1202; x_wconf 59' lang='lat' dir='ltr'>concessu</span> <span class='ocrx_word' id='word_1_140' title='bbox 818 1135 929 1208; x_wconf 86' lang='lat' dir='ltr'>ideoque</span> <span class='ocrx_word' id='word_1_141' title='bbox 948 1137 1092 1206; x_wconf 82' lang='lat' dir='ltr'>principes,</span> <span class='ocrx_word' id='word_1_142' title='bbox 1105 1137 1179 1188; x_wconf 83' lang='lat' dir='ltr'>omni</span> <span class='ocrx_word' id='word_1_143' title='bbox 1233 1134 1286 1186; x_wconf 84' lang='lat' dir='ltr'>tiss</span> <span class='ocrx_word' id='word_1_144' title='bbox 1303 1151 1362 1187; x_wconf 83' lang='lat' dir='ltr'>esse</span> <span class='ocrx_word' id='word_1_145' title='bbox 1383 1133 1515 1202; x_wconf 77' lang='lat' dir='ltr'>judicant,</span> <span class='ocrx_word' id='word_1_146' title='bbox 1533 1134 1616 1186; x_wconf 83' lang='lat' dir='ltr'>citius</span> <span class='ocrx_word' id='word_1_147' title='bbox 1635 1131 2050 1204; x_wconf 82' lang='lat' dir='ltr'>desiners,qnsrndelieers.1ts</span> 
     </span>
     <span class='ocr_line' id='line_1_12' title="bbox 364 1212 2047 1295; baseline -0.002 -20"><span class='ocrx_word' id='word_1_148' title='bbox 364 1236 486 1295; x_wconf 85' lang='lat' dir='ltr'>tempore</span> <span class='ocrx_word' id='word_1_149' title='bbox 503 1232 595 1276; x_wconf 77' lang='lat' dir='ltr'>contra</span> <span class='ocrx_word' id='word_1_150' title='bbox 613 1220 756 1287; x_wconf 80' lang='lat' dir='ltr'>civitates,</span> <span class='ocrx_word' id='word_1_151' title='bbox 775 1218 799 1272; x_wconf 90' lang='lat' dir='ltr'>si</span> <span class='ocrx_word' id='word_1_152' title='bbox 818 1218 906 1272; x_wconf 74' lang='lat' dir='ltr'>forsan</span> <span class='ocrx_word' id='word_1_153' title='bbox 923 1236 958 1272; x_wconf 80' lang='lat' dir='ltr'>et</span> <span class='ocrx_word' id='word_1_154' title='bbox 982 1219 1130 1289; x_wconf 75' lang='lat' dir='ltr'>eupiditate</span> <span class='ocrx_word' id='word_1_155' title='bbox 1156 1230 1184 1273; x_wconf 84' lang='lat' dir='ltr'>et</span> <span class='ocrx_word' id='word_1_156' title='bbox 1231 1212 1333 1271; x_wconf 77' lang='lat' dir='ltr'>finiens</span> <span class='ocrx_word' id='word_1_157' title='bbox 1359 1219 1416 1272; x_wconf 85' lang='lat' dir='ltr'>Deo</span> <span class='ocrx_word' id='word_1_158' title='bbox 1442 1217 1562 1288; x_wconf 60' lang='lat' dir='ltr'>wintro</span> <span class='ocrx_word' id='word_1_159' title='bbox 1586 1216 1722 1287; x_wconf 64' lang='lat' dir='ltr'>gloriam,</span> <span class='ocrx_word' id='word_1_160' title='bbox 1745 1218 1842 1272; x_wconf 80' lang='lat' dir='ltr'>erratis</span> <span class='ocrx_word' id='word_1_161' title='bbox 1868 1229 1939 1271; x_wconf 83' lang='lat' dir='ltr'>tusus</span> <span class='ocrx_word' id='word_1_162' title='bbox 1966 1235 2047 1273; x_wconf 79' lang='lat' dir='ltr'>exoro</span> 
     </span>
     <span class='ocr_line' id='line_1_13' title="bbox 364 1301 1359 1372; baseline -0.006 -11"><span class='ocrx_word' id='word_1_163' title='bbox 364 1323 453 1362; x_wconf 82' lang='lat' dir='ltr'>amore</span> <span class='ocrx_word' id='word_1_164' title='bbox 471 1323 536 1360; x_wconf 82' lang='lat' dir='ltr'>uota</span> <span class='ocrx_word' id='word_1_165' title='bbox 554 1301 706 1372; x_wconf 80' lang='lat' dir='ltr'>moliendi,</span> <span class='ocrx_word' id='word_1_166' title='bbox 725 1303 809 1357; x_wconf 83' lang='lat' dir='ltr'>muris</span> <span class='ocrx_word' id='word_1_167' title='bbox 824 1313 851 1356; x_wconf 86' lang='lat' dir='ltr'>et</span> <span class='ocrx_word' id='word_1_168' title='bbox 870 1302 1009 1358; x_wconf 81' lang='lat' dir='ltr'>moenibus</span> <span class='ocrx_word' id='word_1_169' title='bbox 1027 1318 1056 1355; x_wconf 87' lang='lat' dir='ltr'>te</span> <span class='ocrx_word' id='word_1_170' title='bbox 1075 1304 1181 1358; x_wconf 81' lang='lat' dir='ltr'>munire</span> <span class='ocrx_word' id='word_1_171' title='bbox 1234 1305 1359 1359; x_wconf 84' lang='lat' dir='ltr'>renisrn.</span> 
     </span>
    </p>
   </div>
   <div class='ocr_carea' id='block_1_2' title="bbox 796 1589 1637 1701">
    <p class='ocr_par' dir='ltr' id='par_1_2' title="bbox 796 1589 1637 1701">
     <span class='ocr_line' id='line_1_14' title="bbox 796 1589 1637 1701; baseline -0.004 -30"><span class='ocrx_word' id='word_1_172' title='bbox 796 1593 1257 1671; x_wconf 77' lang='lat' dir='ltr'>utseursrto</span> <span class='ocrx_word' id='word_1_173' title='bbox 1303 1589 1637 1701; x_wconf 78' lang='lat' dir='ltr'>suerrus</span> 
     </span>
    </p>
   </div>
   <div class='ocr_carea' id='block_1_3' title="bbox 490 1804 1930 2180">
    <p class='ocr_par' dir='ltr' id='par_1_3' title="bbox 490 1804 1930 2180">
     <span class='ocr_line' id='line_1_15' title="bbox 554 1804 1873 1928; baseline -0.004 -7"><span class='ocrx_word' id='word_1_174' title='bbox 554 1809 657 1921; x_wconf 83' lang='lat' dir='ltr'>un</span> <span class='ocrx_word' id='word_1_175' title='bbox 692 1809 985 1924; x_wconf 81' lang='lat' dir='ltr'>nunnus</span> <span class='ocrx_word' id='word_1_176' title='bbox 1019 1807 1455 1928; x_wconf 83' lang='lat' dir='ltr'>uunuuuuu</span> <span class='ocrx_word' id='word_1_177' title='bbox 1491 1804 1873 1921; x_wconf 83' lang='lat' dir='ltr'>sunusunn</span> 
     </span>
     <span class='ocr_line' id='line_1_16' title="bbox 490 2032 1930 2180; baseline 0.006 -26"><span class='ocrx_word' id='word_1_178' title='bbox 490 2032 1087 2158; x_wconf 81' lang='lat' dir='ltr'>smnuutmuuuus</span> <span class='ocrx_word' id='word_1_179' title='bbox 1139 2039 1239 2156; x_wconf 85' lang='lat' dir='ltr'>uu</span> <span class='ocrx_word' id='word_1_180' title='bbox 1291 2038 1930 2180; x_wconf 66' lang='lat' dir='ltr'>uuuuuutttmstts,</span> 
     </span>
    </p>
   </div>
   <div class='ocr_carea' id='block_1_4' title="bbox 1005 2308 1398 2354">
    <p class='ocr_par' dir='ltr' id='par_1_4' title="bbox 1005 2308 1398 2354">
     <span class='ocr_line' id='line_1_17' title="bbox 1005 2308 1398 2354; baseline 0.005 -4"><span class='ocrx_word' id='word_1_181' title='bbox 1005 2308 1035 2350; x_wconf 76' lang='lat' dir='ltr'>il·</span> <span class='ocrx_word' id='word_1_182' title='bbox 1074 2309 1241 2354; x_wconf 68' lang='lat' dir='ltr'>rennuunt</span> <span class='ocrx_word' id='word_1_183' title='bbox 1270 2309 1398 2354; x_wconf 69' lang='lat' dir='ltr'><strong>HDCGIV.</strong></span> 
     </span>
    </p>
   </div>
   <div class='ocr_carea' id='block_1_5' title="bbox 1044 2481 1375 2526">
    <p class='ocr_par' dir='ltr' id='par_1_5' title="bbox 1044 2481 1375 2526">
     <span class='ocr_line' id='line_1_18' title="bbox 1044 2481 1375 2526; baseline 0.003 -6"><span class='ocrx_word' id='word_1_184' title='bbox 1044 2481 1375 2526; x_wconf 69' lang='grc' dir='ltr'>ΗΗΟΝΜΝΝ</span> 
     </span>
    </p>
   </div>
   <div class='ocr_carea' id='block_1_6' title="bbox 626 2664 1794 2754">
    <p class='ocr_par' dir='ltr' id='par_1_6' title="bbox 626 2664 1794 2754">
     <span class='ocr_line' id='line_1_19' title="bbox 626 2664 1794 2754; baseline 0.002 -21"><span class='ocrx_word' id='word_1_185' title='bbox 626 2664 843 2736; x_wconf 80' lang='lat' dir='ltr'>ERNESTO</span> <span class='ocrx_word' id='word_1_186' title='bbox 867 2667 1034 2736; x_wconf 81' lang='lat' dir='ltr'>sthstt.</span> <span class='ocrx_word' id='word_1_187' title='bbox 1058 2666 1324 2754; x_wconf 74' lang='lat' dir='ltr'>scttolttttto,</span> <span class='ocrx_word' id='word_1_188' title='bbox 1349 2665 1623 2738; x_wconf 80' lang='lat' dir='ltr'>scflwltttttc.</span> <span class='ocrx_word' id='word_1_189' title='bbox 1650 2667 1794 2736; x_wconf 86' lang='lat' dir='ltr'>SlLES.</span> 
     </span>
    </p>
   </div>
   <div class='ocr_carea' id='block_1_7' title="bbox 951 2975 1490 3023">
    <p class='ocr_par' dir='ltr' id='par_1_7' title="bbox 951 2975 1490 3023">
     <span class='ocr_line' id='line_1_20' title="bbox 951 2975 1490 3023; baseline -0.013 2"><span class='ocrx_word' id='word_1_190' title='bbox 951 2975 1490 3023; x_wconf 55' lang='lat' dir='ltr'><em>w</em></span> 
     </span>
    </p>
   </div>
   <div class='ocr_carea' id='block_1_8' title="bbox 1047 3248 1384 3506">
    <p class='ocr_par' dir='ltr' id='par_1_8' title="bbox 1047 3248 1384 3506">
     <span class='ocr_line' id='line_1_21' title="bbox 1128 3248 1304 3318; baseline 0.011 -2"><span class='ocrx_word' id='word_1_191' title='bbox 1128 3249 1169 3316; x_wconf 90' lang='lat' dir='ltr'>B.</span> <span class='ocrx_word' id='word_1_192' title='bbox 1194 3248 1234 3317; x_wconf 82' lang='lat'>0.</span> <span class='ocrx_word' id='word_1_193' title='bbox 1259 3251 1304 3318; x_wconf 89' lang='lat' dir='ltr'>D.</span> 
     </span>
     <span class='ocr_line' id='line_1_22' title="bbox 1047 3429 1384 3506; baseline 0.018 -6"><span class='ocrx_word' id='word_1_194' title='bbox 1047 3429 1384 3506; x_wconf 79' lang='lat' dir='ltr'><strong>PRAEFATIO.</strong></span> 
     </span>
    </p>
   </div>
   <div class='ocr_carea' id='block_1_9' title="bbox 374 3637 2056 5686">
    <p class='ocr_par' dir='ltr' id='par_1_9' title="bbox 374 3637 2056 5686">
     <span class='ocr_line' id='line_1_23' title="bbox 375 3637 2056 3793; baseline -0.001 -23"><span class='ocrx_word' id='word_1_195' title='bbox 375 3637 481 3770; x_wconf 84' lang='lat' dir='ltr'>Non</span> <span class='ocrx_word' id='word_1_196' title='bbox 506 3697 600 3765; x_wconf 89' lang='lat' dir='ltr'>nobis</span> <span class='ocrx_word' id='word_1_197' title='bbox 622 3695 748 3779; x_wconf 87' lang='lat' dir='ltr'>solum,</span> <span class='ocrx_word' id='word_1_198' title='bbox 772 3697 829 3765; x_wconf 89' lang='lat' dir='ltr'>ted</span> <span class='ocrx_word' id='word_1_199' title='bbox 853 3698 979 3790; x_wconf 76' lang='lat' dir='ltr'>patriae</span> <span class='ocrx_word' id='word_1_200' title='bbox 1000 3723 1060 3767; x_wconf 87' lang='lat' dir='ltr'>nus</span> <span class='ocrx_word' id='word_1_201' title='bbox 1084 3715 1175 3768; x_wconf 86' lang='lat' dir='ltr'>ustos</span> <span class='ocrx_word' id='word_1_202' title='bbox 1203 3724 1291 3784; x_wconf 86' lang='lat' dir='ltr'>esse,</span> <span class='ocrx_word' id='word_1_203' title='bbox 1319 3703 1384 3793; x_wconf 82' lang='lat' dir='ltr'>jam</span> <span class='ocrx_word' id='word_1_204' title='bbox 1410 3699 1492 3768; x_wconf 88' lang='lat' dir='ltr'>olim</span> <span class='ocrx_word' id='word_1_205' title='bbox 1521 3701 1652 3768; x_wconf 88' lang='lat' dir='ltr'>monuit</span> <span class='ocrx_word' id='word_1_206' title='bbox 1679 3701 1954 3792; x_wconf 85' lang='lat' dir='ltr'>prudentissimus</span> <span class='ocrx_word' id='word_1_207' title='bbox 1984 3702 2056 3769; x_wconf 84' lang='lat' dir='ltr'>tto-</span> 
     </span>
     <span class='ocr_line' id='line_1_24' title="bbox 374 3786 2051 3884; baseline 0.002 -30"><span class='ocrx_word' id='word_1_208' title='bbox 374 3811 549 3856; x_wconf 86' lang='lat' dir='ltr'>mancrum</span> <span class='ocrx_word' id='word_1_209' title='bbox 573 3786 712 3876; x_wconf 70' lang='lat' dir='ltr'>Cicero,</span> <span class='ocrx_word' id='word_1_210' title='bbox 737 3789 813 3856; x_wconf 90' lang='lat' dir='ltr'>binc</span> <span class='ocrx_word' id='word_1_211' title='bbox 835 3803 869 3856; x_wconf 83' lang='lat' dir='ltr'>et</span> <span class='ocrx_word' id='word_1_212' title='bbox 892 3789 1000 3856; x_wconf 91' lang='lat' dir='ltr'>studia</span> <span class='ocrx_word' id='word_1_213' title='bbox 1026 3791 1273 3883; x_wconf 83' lang='lat' dir='ltr'>uniuscujusvis</span> <span class='ocrx_word' id='word_1_214' title='bbox 1296 3793 1341 3858; x_wconf 87' lang='lat' dir='ltr'>ita</span> <span class='ocrx_word' id='word_1_215' title='bbox 1365 3792 1501 3858; x_wconf 88' lang='lat' dir='ltr'>omniuo</span> <span class='ocrx_word' id='word_1_216' title='bbox 1524 3790 1696 3884; x_wconf 81' lang='lat' dir='ltr'>dirigenda</span> <span class='ocrx_word' id='word_1_217' title='bbox 1729 3811 1824 3876; x_wconf 91' lang='lat' dir='ltr'>sunt,</span> <span class='ocrx_word' id='word_1_218' title='bbox 1857 3811 1894 3860; x_wconf 92' lang='lat' dir='ltr'>ut</span> <span class='ocrx_word' id='word_1_219' title='bbox 1925 3795 2051 3884; x_wconf 86' lang='lat' dir='ltr'>patriae</span> 
     </span>
     <span class='ocr_line' id='line_1_25' title="bbox 376 3878 2053 3974; baseline 0.002 -30"><span class='ocrx_word' id='word_1_220' title='bbox 376 3878 555 3970; x_wconf 88' lang='lat' dir='ltr'>aliquando</span> <span class='ocrx_word' id='word_1_221' title='bbox 578 3879 653 3944; x_wconf 89' lang='lat' dir='ltr'>usui</span> <span class='ocrx_word' id='word_1_222' title='bbox 677 3903 747 3946; x_wconf 85' lang='lat' dir='ltr'>esse</span> <span class='ocrx_word' id='word_1_223' title='bbox 771 3881 916 3970; x_wconf 86' lang='lat' dir='ltr'>possint.</span> <span class='ocrx_word' id='word_1_224' title='bbox 943 3881 1026 3948; x_wconf 87' lang='lat' dir='ltr'>lude</span> <span class='ocrx_word' id='word_1_225' title='bbox 1050 3905 1110 3949; x_wconf 87' lang='lat' dir='ltr'>nec</span> <span class='ocrx_word' id='word_1_226' title='bbox 1133 3907 1193 3974; x_wconf 82' lang='lat' dir='ltr'>ego</span> <span class='ocrx_word' id='word_1_227' title='bbox 1216 3884 1300 3950; x_wconf 84' lang='lat' dir='ltr'>mele</span> <span class='ocrx_word' id='word_1_228' title='bbox 1325 3905 1376 3948; x_wconf 88' lang='lat' dir='ltr'>me</span> <span class='ocrx_word' id='word_1_229' title='bbox 1402 3881 1564 3949; x_wconf 81' lang='lat' dir='ltr'>facturum</span> <span class='ocrx_word' id='word_1_230' title='bbox 1588 3880 1721 3963; x_wconf 87' lang='lat' dir='ltr'>censui,</span> <span class='ocrx_word' id='word_1_231' title='bbox 1742 3883 1771 3950; x_wconf 94' lang='lat' dir='ltr'>si</span> <span class='ocrx_word' id='word_1_232' title='bbox 1797 3883 1840 3950; x_wconf 88' lang='lat' dir='ltr'>de</span> <span class='ocrx_word' id='word_1_233' title='bbox 1870 3883 2053 3974; x_wconf 87' lang='lat' dir='ltr'>specimine</span> 
     </span>
     <span class='ocr_line' id='line_1_26' title="bbox 378 3967 2053 4066; baseline 0.003 -31"><span class='ocrx_word' id='word_1_234' title='bbox 378 3969 560 4036; x_wconf 88' lang='lat' dir='ltr'>academico</span> <span class='ocrx_word' id='word_1_235' title='bbox 583 3967 747 4036; x_wconf 87' lang='lat' dir='ltr'>sellicitus</span> <span class='ocrx_word' id='word_1_236' title='bbox 772 3971 868 4058; x_wconf 91' lang='lat' dir='ltr'>patrii</span> <span class='ocrx_word' id='word_1_237' title='bbox 894 3971 975 4060; x_wconf 88' lang='lat' dir='ltr'>juris</span> <span class='ocrx_word' id='word_1_238' title='bbox 998 3973 1158 4039; x_wconf 89' lang='lat' dir='ltr'>rationem</span> <span class='ocrx_word' id='word_1_239' title='bbox 1185 3975 1363 4066; x_wconf 85' lang='lat' dir='ltr'>praecipue</span> <span class='ocrx_word' id='word_1_240' title='bbox 1396 3971 1568 4058; x_wconf 83' lang='lat' dir='ltr'>haberent,</span> <span class='ocrx_word' id='word_1_241' title='bbox 1598 3978 1789 4061; x_wconf 85' lang='lat' dir='ltr'>praesertim</span> <span class='ocrx_word' id='word_1_242' title='bbox 1822 3997 1896 4040; x_wconf 89' lang='lat' dir='ltr'>cum</span> <span class='ocrx_word' id='word_1_243' title='bbox 1927 3975 1962 4040; x_wconf 89' lang='lat' dir='ltr'>in</span> <span class='ocrx_word' id='word_1_244' title='bbox 1993 3973 2053 4040; x_wconf 83' lang='lat' dir='ltr'>ltec</span> 
     </span>
     <span class='ocr_line' id='line_1_27' title="bbox 379 4057 2052 4153; baseline 0.002 -29"><span class='ocrx_word' id='word_1_245' title='bbox 379 4081 494 4149; x_wconf 88' lang='lat' dir='ltr'>campo</span> <span class='ocrx_word' id='word_1_246' title='bbox 517 4083 550 4126; x_wconf 86' lang='lat' dir='ltr'>se</span> <span class='ocrx_word' id='word_1_247' title='bbox 576 4061 641 4148; x_wconf 87' lang='lat' dir='ltr'>jam</span> <span class='ocrx_word' id='word_1_248' title='bbox 665 4061 847 4125; x_wconf 87' lang='lat' dir='ltr'>ostenderit</span> <span class='ocrx_word' id='word_1_249' title='bbox 873 4057 905 4125; x_wconf 91' lang='lat' dir='ltr'>bi</span> <span class='ocrx_word' id='word_1_250' title='bbox 931 4083 948 4125; x_wconf 92' lang='lat' dir='ltr'>a</span> <span class='ocrx_word' id='word_1_251' title='bbox 973 4063 1097 4132; x_wconf 86' lang='lat' dir='ltr'>citium</span> <span class='ocrx_word' id='word_1_252' title='bbox 1124 4087 1289 4147; x_wconf 90' lang='lat' dir='ltr'>meorum,</span> <span class='ocrx_word' id='word_1_253' title='bbox 1315 4063 1411 4131; x_wconf 89' lang='lat' dir='ltr'>editis</span> <span class='ocrx_word' id='word_1_254' title='bbox 1433 4060 1719 4129; x_wconf 77' lang='lat' dir='ltr'>dissertationibus</span> <span class='ocrx_word' id='word_1_255' title='bbox 1742 4064 1776 4129; x_wconf 92' lang='lat' dir='ltr'>in</span> <span class='ocrx_word' id='word_1_256' title='bbox 1806 4063 1891 4129; x_wconf 90' lang='lat' dir='ltr'>alma</span> <span class='ocrx_word' id='word_1_257' title='bbox 1923 4057 2052 4153; x_wconf 60' lang='lat' dir='ltr'>Argenss</span> 
     </span>
     <span class='ocr_line' id='line_1_28' title="bbox 377 4083 2050 4242; baseline 0.004 -30"><span class='ocrx_word' id='word_1_258' title='bbox 377 4146 446 4214; x_wconf 90' lang='lat' dir='ltr'>tina</span> <span class='ocrx_word' id='word_1_259' title='bbox 471 4148 514 4215; x_wconf 89' lang='lat' dir='ltr'>de</span> <span class='ocrx_word' id='word_1_260' title='bbox 533 4147 695 4215; x_wconf 88' lang='lat' dir='ltr'>Bolconis</span> <span class='ocrx_word' id='word_1_261' title='bbox 712 4127 770 4224; x_wconf 82' lang='lat' dir='ltr'>Il.</span> <span class='ocrx_word' id='word_1_262' title='bbox 787 4147 883 4217; x_wconf 86' lang='lat' dir='ltr'>ducis</span> <span class='ocrx_word' id='word_1_263' title='bbox 901 4083 1055 4236; x_wconf 48' lang='lat' dir='ltr'>silesiae,</span> <span class='ocrx_word' id='word_1_264' title='bbox 1073 4152 1412 4223; x_wconf 78' lang='lat' dir='ltr'>Scbwidnicensinm</span> <span class='ocrx_word' id='word_1_265' title='bbox 1427 4151 1647 4242; x_wconf 79' lang='lat' dir='ltr'>legislatoris,</span> <span class='ocrx_word' id='word_1_266' title='bbox 1662 4153 1898 4220; x_wconf 86' lang='lat' dir='ltr'>constitutione</span> <span class='ocrx_word' id='word_1_267' title='bbox 1911 4150 1954 4220; x_wconf 86' lang='lat' dir='ltr'>de</span> <span class='ocrx_word' id='word_1_268' title='bbox 1973 4175 2050 4218; x_wconf 88' lang='lat' dir='ltr'>sne·</span> 
     </span>
     <span class='ocr_line' id='line_1_29' title="bbox 380 4238 2053 4336; baseline 0.002 -33"><span class='ocrx_word' id='word_1_269' title='bbox 380 4240 535 4306; x_wconf 79' lang='lat' dir='ltr'>cessione</span> <span class='ocrx_word' id='word_1_270' title='bbox 551 4238 593 4304; x_wconf 87' lang='lat' dir='ltr'>cb</span> <span class='ocrx_word' id='word_1_271' title='bbox 611 4241 774 4305; x_wconf 84' lang='lat' dir='ltr'>intestato</span> <span class='ocrx_word' id='word_1_272' title='bbox 787 4263 865 4305; x_wconf 88' lang='lat' dir='ltr'>cnm</span> <span class='ocrx_word' id='word_1_273' title='bbox 880 4265 1020 4308; x_wconf 83' lang='lat' dir='ltr'>romono</span> <span class='ocrx_word' id='word_1_274' title='bbox 1035 4259 1065 4309; x_wconf 86' lang='lat' dir='ltr'>et</span> <span class='ocrx_word' id='word_1_275' title='bbox 1082 4251 1250 4314; x_wconf 62' lang='lat' dir='ltr'>senonico</span> <span class='ocrx_word' id='word_1_276' title='bbox 1261 4247 1344 4336; x_wconf 83' lang='lat' dir='ltr'>jure</span> <span class='ocrx_word' id='word_1_277' title='bbox 1358 4242 1489 4311; x_wconf 86' lang='lat' dir='ltr'>collntc</span> <span class='ocrx_word' id='word_1_278' title='bbox 1504 4257 1537 4308; x_wconf 90' lang='lat' dir='ltr'>et</span> <span class='ocrx_word' id='word_1_279' title='bbox 1553 4239 1727 4308; x_wconf 82' lang='lat' dir='ltr'>Altorsfina</span> <span class='ocrx_word' id='word_1_280' title='bbox 1750 4245 1793 4312; x_wconf 87' lang='lat' dir='ltr'>dc</span> <span class='ocrx_word' id='word_1_281' title='bbox 1817 4243 1939 4312; x_wconf 79' lang='lat' dir='ltr'>civium</span> <span class='ocrx_word' id='word_1_282' title='bbox 1961 4240 2053 4310; x_wconf 79' lang='lat' dir='ltr'>Seli-</span> 
     </span>
     <span class='ocr_line' id='line_1_30' title="bbox 376 4325 2050 4426; baseline 0.002 -34"><span class='ocrx_word' id='word_1_283' title='bbox 376 4325 654 4396; x_wconf 82' lang='lat' dir='ltr'>Widnicensinm</span> <span class='ocrx_word' id='word_1_284' title='bbox 669 4331 753 4420; x_wconf 84' lang='lat' dir='ltr'>jure</span> <span class='ocrx_word' id='word_1_285' title='bbox 778 4329 913 4395; x_wconf 85' lang='lat' dir='ltr'>emendi</span> <span class='ocrx_word' id='word_1_286' title='bbox 922 4331 1044 4417; x_wconf 86' lang='lat' dir='ltr'>sendo</span> <span class='ocrx_word' id='word_1_287' title='bbox 1068 4337 1219 4425; x_wconf 81' lang='lat' dir='ltr'>nobilia,-</span> <span class='ocrx_word' id='word_1_288' title='bbox 1243 4357 1389 4426; x_wconf 85' lang='lat' dir='ltr'>quorum</span> <span class='ocrx_word' id='word_1_289' title='bbox 1414 4331 1512 4399; x_wconf 89' lang='lat' dir='ltr'>laude</span> <span class='ocrx_word' id='word_1_290' title='bbox 1527 4331 1667 4422; x_wconf 84' lang='lat' dir='ltr'>dignum</span> <span class='ocrx_word' id='word_1_291' title='bbox 1684 4334 1869 4424; x_wconf 81' lang='lat' dir='ltr'>exemplum</span> <span class='ocrx_word' id='word_1_292' title='bbox 1886 4335 1925 4399; x_wconf 91' lang='lat' dir='ltr'>ad</span> <span class='ocrx_word' id='word_1_293' title='bbox 1942 4331 2050 4398; x_wconf 90' lang='lat' dir='ltr'>simile</span> 
     </span>
     <span class='ocr_line' id='line_1_31' title="bbox 378 4419 2048 4497; baseline -0.001 -11"><span class='ocrx_word' id='word_1_294' title='bbox 378 4435 545 4486; x_wconf 87' lang='lat' dir='ltr'>tentanten</span> <span class='ocrx_word' id='word_1_295' title='bbox 568 4419 749 4497; x_wconf 78' lang='lat' dir='ltr'>inritavit,</span> <span class='ocrx_word' id='word_1_296' title='bbox 773 4421 816 4483; x_wconf 91' lang='lat' dir='ltr'>ita</span> <span class='ocrx_word' id='word_1_297' title='bbox 841 4431 971 4497; x_wconf 85' lang='lat' dir='ltr'>tamen,</span> <span class='ocrx_word' id='word_1_298' title='bbox 997 4435 1034 4488; x_wconf 90' lang='lat' dir='ltr'>ut</span> <span class='ocrx_word' id='word_1_299' title='bbox 1057 4427 1141 4492; x_wconf 87' lang='lat' dir='ltr'>tristi</span> <span class='ocrx_word' id='word_1_300' title='bbox 1167 4423 1399 4493; x_wconf 73' lang='lat' dir='ltr'>aemulationis</span> <span class='ocrx_word' id='word_1_301' title='bbox 1423 4423 1509 4488; x_wconf 90' lang='lat' dir='ltr'>malo</span> <span class='ocrx_word' id='word_1_302' title='bbox 1533 4423 1645 4489; x_wconf 85' lang='lat' dir='ltr'>nullus</span> <span class='ocrx_word' id='word_1_303' title='bbox 1668 4421 1755 4490; x_wconf 90' lang='lat' dir='ltr'>locus</span> <span class='ocrx_word' id='word_1_304' title='bbox 1780 4426 1831 4492; x_wconf 90' lang='lat' dir='ltr'>ltic</span> <span class='ocrx_word' id='word_1_305' title='bbox 1846 4427 1887 4492; x_wconf 89' lang='lat' dir='ltr'>sit</span> <span class='ocrx_word' id='word_1_306' title='bbox 1903 4424 2048 4492; x_wconf 89' lang='lat' dir='ltr'>relictus.</span> 
     </span>
     <span class='ocr_line' id='line_1_32' title="bbox 379 4509 2048 4608; baseline 0.001 -36"><span class='ocrx_word' id='word_1_307' title='bbox 379 4509 431 4573; x_wconf 82' lang='lat' dir='ltr'>Ad</span> <span class='ocrx_word' id='word_1_308' title='bbox 457 4531 508 4572; x_wconf 87' lang='lat' dir='ltr'>nte</span> <span class='ocrx_word' id='word_1_309' title='bbox 534 4509 639 4598; x_wconf 81' lang='lat' dir='ltr'>igitur</span> <span class='ocrx_word' id='word_1_310' title='bbox 664 4511 830 4598; x_wconf 83' lang='lat' dir='ltr'>pertinere</span> <span class='ocrx_word' id='word_1_311' title='bbox 853 4509 1031 4577; x_wconf 84' lang='lat' dir='ltr'>videbatur</span> <span class='ocrx_word' id='word_1_312' title='bbox 1055 4514 1103 4579; x_wconf 89' lang='lat' dir='ltr'>rei</span> <span class='ocrx_word' id='word_1_313' title='bbox 1126 4517 1268 4584; x_wconf 83' lang='lat' dir='ltr'>feudalis</span> <span class='ocrx_word' id='word_1_314' title='bbox 1293 4515 1416 4607; x_wconf 85' lang='lat' dir='ltr'>patriae</span> <span class='ocrx_word' id='word_1_315' title='bbox 1439 4512 1648 4604; x_wconf 84' lang='lat' dir='ltr'>disquisitio,</span> <span class='ocrx_word' id='word_1_316' title='bbox 1665 4517 1721 4580; x_wconf 90' lang='lat' dir='ltr'>sed</span> <span class='ocrx_word' id='word_1_317' title='bbox 1739 4539 1842 4608; x_wconf 87' lang='lat' dir='ltr'>quae,</span> <span class='ocrx_word' id='word_1_318' title='bbox 1859 4517 1884 4579; x_wconf 90' lang='lat' dir='ltr'>si</span> <span class='ocrx_word' id='word_1_319' title='bbox 1902 4538 1966 4604; x_wconf 82' lang='lat' dir='ltr'>qua</span> <span class='ocrx_word' id='word_1_320' title='bbox 1985 4513 2048 4578; x_wconf 88' lang='lat' dir='ltr'>slia</span> 
     </span>
     <span class='ocr_line' id='line_1_33' title="bbox 377 4599 2049 4698; baseline 0.004 -36"><span class='ocrx_word' id='word_1_321' title='bbox 377 4600 462 4686; x_wconf 85' lang='lat' dir='ltr'>juris</span> <span class='ocrx_word' id='word_1_322' title='bbox 486 4599 588 4665; x_wconf 86' lang='lat' dir='ltr'>nostri</span> <span class='ocrx_word' id='word_1_323' title='bbox 614 4619 708 4688; x_wconf 88' lang='lat' dir='ltr'>pars,</span> <span class='ocrx_word' id='word_1_324' title='bbox 734 4619 851 4686; x_wconf 78' lang='lat' dir='ltr'>magna</span> <span class='ocrx_word' id='word_1_325' title='bbox 874 4599 1070 4669; x_wconf 81' lang='lat' dir='ltr'>difficultate</span> <span class='ocrx_word' id='word_1_326' title='bbox 1093 4607 1257 4696; x_wconf 71' lang='lat' dir='ltr'>implicita</span> <span class='ocrx_word' id='word_1_327' title='bbox 1283 4619 1348 4672; x_wconf 89' lang='lat' dir='ltr'>est.</span> <span class='ocrx_word' id='word_1_328' title='bbox 1374 4603 1537 4694; x_wconf 83' lang='lat' dir='ltr'>Pleraque</span> <span class='ocrx_word' id='word_1_329' title='bbox 1560 4605 1669 4688; x_wconf 85' lang='lat' dir='ltr'>enim,</span> <span class='ocrx_word' id='word_1_330' title='bbox 1692 4629 1781 4698; x_wconf 69' lang='lat' dir='ltr'>quiae</span> <span class='ocrx_word' id='word_1_331' title='bbox 1808 4603 1849 4670; x_wconf 85' lang='lat' dir='ltr'>od</span> <span class='ocrx_word' id='word_1_332' title='bbox 1880 4603 1938 4670; x_wconf 91' lang='lat' dir='ltr'>boc</span> <span class='ocrx_word' id='word_1_333' title='bbox 1974 4627 2049 4691; x_wconf 87' lang='lat' dir='ltr'>pto·</span> 
     </span>
     <span class='ocr_line' id='line_1_34' title="bbox 376 4687 2046 4787; baseline 0.003 -35"><span class='ocrx_word' id='word_1_334' title='bbox 376 4689 524 4778; x_wconf 88' lang='lat' dir='ltr'>positum</span> <span class='ocrx_word' id='word_1_335' title='bbox 550 4689 611 4753; x_wconf 86' lang='lat' dir='ltr'>rite</span> <span class='ocrx_word' id='word_1_336' title='bbox 637 4687 862 4780; x_wconf 80' lang='lat' dir='ltr'>peragendum</span> <span class='ocrx_word' id='word_1_337' title='bbox 887 4688 1033 4779; x_wconf 80' lang='lat' dir='ltr'>iaciunt,</span> <span class='ocrx_word' id='word_1_338' title='bbox 1058 4695 1189 4782; x_wconf 84' lang='lat' dir='ltr'>publice</span> <span class='ocrx_word' id='word_1_339' title='bbox 1213 4719 1277 4761; x_wconf 89' lang='lat' dir='ltr'>non</span> <span class='ocrx_word' id='word_1_340' title='bbox 1304 4705 1469 4784; x_wconf 86' lang='lat' dir='ltr'>prostant,</span> <span class='ocrx_word' id='word_1_341' title='bbox 1492 4694 1544 4759; x_wconf 80' lang='lat' dir='ltr'>vel</span> <span class='ocrx_word' id='word_1_342' title='bbox 1567 4717 1653 4782; x_wconf 89' lang='lat' dir='ltr'>quae</span> <span class='ocrx_word' id='word_1_343' title='bbox 1677 4708 1837 4787; x_wconf 87' lang='lat' dir='ltr'>prostant.</span> <span class='ocrx_word' id='word_1_344' title='bbox 1855 4695 2046 4784; x_wconf 83' lang='lat' dir='ltr'>paucissima</span> 
     </span>
     <span class='ocr_line' id='line_1_35' title="bbox 377 4779 2048 4876; baseline 0.004 -32"><span class='ocrx_word' id='word_1_345' title='bbox 377 4790 475 4861; x_wconf 87' lang='lat' dir='ltr'>sunt,</span> <span class='ocrx_word' id='word_1_346' title='bbox 499 4779 718 4866; x_wconf 82' lang='lat' dir='ltr'>lectoremque</span> <span class='ocrx_word' id='word_1_347' title='bbox 741 4779 782 4842; x_wconf 90' lang='lat' dir='ltr'>de</span> <span class='ocrx_word' id='word_1_348' title='bbox 808 4801 870 4844; x_wconf 90' lang='lat' dir='ltr'>usu</span> <span class='ocrx_word' id='word_1_349' title='bbox 894 4795 925 4843; x_wconf 86' lang='lat' dir='ltr'>et</span> <span class='ocrx_word' id='word_1_350' title='bbox 947 4782 1155 4852; x_wconf 78' lang='lat' dir='ltr'>observantia</span> <span class='ocrx_word' id='word_1_351' title='bbox 1182 4810 1247 4853; x_wconf 91' lang='lat' dir='ltr'>oon</span> <span class='ocrx_word' id='word_1_352' title='bbox 1275 4787 1461 4851; x_wconf 89' lang='lat' dir='ltr'>instruunt.</span> <span class='ocrx_word' id='word_1_353' title='bbox 1488 4781 1568 4849; x_wconf 85' lang='lat' dir='ltr'>Erat</span> <span class='ocrx_word' id='word_1_354' title='bbox 1591 4788 1654 4876; x_wconf 86' lang='lat' dir='ltr'>jam</span> <span class='ocrx_word' id='word_1_355' title='bbox 1679 4784 1757 4852; x_wconf 89' lang='lat' dir='ltr'>olim</span> <span class='ocrx_word' id='word_1_356' title='bbox 1778 4783 1919 4852; x_wconf 78' lang='lat' dir='ltr'>Nicolno</span> <span class='ocrx_word' id='word_1_357' title='bbox 1935 4781 2048 4850; x_wconf 84' lang='lat' dir='ltr'>Hene-</span> 
     </span>
     <span class='ocr_line' id='line_1_36' title="bbox 376 4866 2048 4966; baseline 0.008 -35"><span class='ocrx_word' id='word_1_358' title='bbox 376 4867 424 4934; x_wconf 82' lang='lat' dir='ltr'>iio</span> <span class='ocrx_word' id='word_1_359' title='bbox 446 4891 575 4936; x_wconf 88' lang='lat' dir='ltr'>summo</span> <span class='ocrx_word' id='word_1_360' title='bbox 600 4869 672 4934; x_wconf 84' lang='lat' dir='ltr'>viro</span> <span class='ocrx_word' id='word_1_361' title='bbox 694 4866 730 4930; x_wconf 87' lang='lat' dir='ltr'>iu</span> <span class='ocrx_word' id='word_1_362' title='bbox 754 4868 854 4932; x_wconf 81' lang='lat' dir='ltr'>votis:</span> <span class='ocrx_word' id='word_1_363' title='bbox 879 4869 982 4937; x_wconf 83' lang='lat' dir='ltr'>velint</span> <span class='ocrx_word' id='word_1_364' title='bbox 1012 4873 1080 4952; x_wconf 83' lang='lat' dir='ltr'>itti,</span> <span class='ocrx_word' id='word_1_365' title='bbox 1109 4877 1167 4966; x_wconf 89' lang='lat' dir='ltr'>qui</span> <span class='ocrx_word' id='word_1_366' title='bbox 1199 4877 1234 4942; x_wconf 90' lang='lat' dir='ltr'>in</span> <span class='ocrx_word' id='word_1_367' title='bbox 1265 4871 1468 4966; x_wconf 81' lang='lat' dir='ltr'>reipublicae</span> <span class='ocrx_word' id='word_1_368' title='bbox 1495 4873 1569 4942; x_wconf 88' lang='lat' dir='ltr'>luce</span> <span class='ocrx_word' id='word_1_369' title='bbox 1602 4887 1775 4942; x_wconf 84' lang='lat' dir='ltr'>versantur</span> <span class='ocrx_word' id='word_1_370' title='bbox 1802 4888 1836 4940; x_wconf 87' lang='lat' dir='ltr'>et</span> <span class='ocrx_word' id='word_1_371' title='bbox 1865 4875 1943 4940; x_wconf 83' lang='lat' dir='ltr'>ltaec</span> <span class='ocrx_word' id='word_1_372' title='bbox 1973 4873 2048 4939; x_wconf 78' lang='lat' dir='ltr'>talia</span> 
     </span>
     <span class='ocr_line' id='line_1_37' title="bbox 379 4959 2050 5057; baseline 0.004 -36"><span class='ocrx_word' id='word_1_373' title='bbox 379 4960 532 5046; x_wconf 88' lang='lat' dir='ltr'>quotidie</span> <span class='ocrx_word' id='word_1_374' title='bbox 556 4969 717 5036; x_wconf 88' lang='lat' dir='ltr'>tractant,</span> <span class='ocrx_word' id='word_1_375' title='bbox 741 4959 904 5048; x_wconf 82' lang='lat' dir='ltr'>ejusmodi</span> <span class='ocrx_word' id='word_1_376' title='bbox 927 4960 1106 5052; x_wconf 78' lang='lat' dir='ltr'>singularis</span> <span class='ocrx_word' id='word_1_377' title='bbox 1131 4965 1282 5057; x_wconf 86' lang='lat' dir='ltr'>colligere</span> <span class='ocrx_word' id='word_1_378' title='bbox 1305 4989 1341 5032; x_wconf 87' lang='lat' dir='ltr'>uc</span> <span class='ocrx_word' id='word_1_379' title='bbox 1365 4963 1535 5030; x_wconf 86' lang='lat' dir='ltr'>nobiscum</span> <span class='ocrx_word' id='word_1_380' title='bbox 1550 5013 1561 5052; x_wconf 92' lang='lat'>,</span> <span class='ocrx_word' id='word_1_381' title='bbox 1575 4963 1636 5054; x_wconf 86' lang='lat' dir='ltr'>qui</span> <span class='ocrx_word' id='word_1_382' title='bbox 1652 4965 1746 5055; x_wconf 81' lang='lat' dir='ltr'>quusi</span> <span class='ocrx_word' id='word_1_383' title='bbox 1767 4987 1824 5054; x_wconf 91' lang='lat' dir='ltr'>per</span> <span class='ocrx_word' id='word_1_384' title='bbox 1840 4980 2050 5030; x_wconf 80' lang='lat' dir='ltr'>transennam</span> 
     </span>
     <span class='ocr_line' id='line_1_38' title="bbox 377 5045 2049 5142; baseline 0.005 -32"><span class='ocrx_word' id='word_1_385' title='bbox 377 5047 554 5136; x_wconf 84' lang='lat' dir='ltr'>aspicimus</span> <span class='ocrx_word' id='word_1_386' title='bbox 576 5060 607 5112; x_wconf 92' lang='lat' dir='ltr'>et</span> <span class='ocrx_word' id='word_1_387' title='bbox 633 5049 668 5112; x_wconf 91' lang='lat' dir='ltr'>iu</span> <span class='ocrx_word' id='word_1_388' title='bbox 694 5048 809 5112; x_wconf 90' lang='lat' dir='ltr'>umbra</span> <span class='ocrx_word' id='word_1_389' title='bbox 835 5045 894 5113; x_wconf 88' lang='lat' dir='ltr'>ltoc</span> <span class='ocrx_word' id='word_1_390' title='bbox 917 5061 1046 5116; x_wconf 87' lang='lat' dir='ltr'>tantum</span> <span class='ocrx_word' id='word_1_391' title='bbox 1074 5055 1279 5140; x_wconf 84' lang='lat' dir='ltr'>proficimus,</span> <span class='ocrx_word' id='word_1_392' title='bbox 1306 5073 1343 5120; x_wconf 91' lang='lat' dir='ltr'>nt</span> <span class='ocrx_word' id='word_1_393' title='bbox 1365 5076 1439 5118; x_wconf 91' lang='lat' dir='ltr'>cttm</span> <span class='ocrx_word' id='word_1_394' title='bbox 1466 5054 1501 5120; x_wconf 89' lang='lat' dir='ltr'>in</span> <span class='ocrx_word' id='word_1_395' title='bbox 1527 5055 1633 5122; x_wconf 83' lang='lat' dir='ltr'>sorum</span> <span class='ocrx_word' id='word_1_396' title='bbox 1661 5057 1851 5121; x_wconf 81' lang='lat' dir='ltr'>venerimus</span> <span class='ocrx_word' id='word_1_397' title='bbox 1879 5065 2049 5142; x_wconf 74' lang='lat' dir='ltr'>putemus,</span> 
     </span>
     <span class='ocr_line' id='line_1_39' title="bbox 377 5137 2048 5235; baseline 0.003 -33"><span class='ocrx_word' id='word_1_398' title='bbox 377 5159 437 5202; x_wconf 90' lang='lat' dir='ltr'>nos</span> <span class='ocrx_word' id='word_1_399' title='bbox 462 5139 498 5203; x_wconf 91' lang='lat' dir='ltr'>in</span> <span class='ocrx_word' id='word_1_400' title='bbox 523 5137 623 5202; x_wconf 90' lang='lat' dir='ltr'>alium</span> <span class='ocrx_word' id='word_1_401' title='bbox 649 5150 811 5202; x_wconf 86' lang='lat' dir='ltr'>terrarum</span> <span class='ocrx_word' id='word_1_402' title='bbox 836 5139 950 5205; x_wconf 88' lang='lat' dir='ltr'>orbem</span> <span class='ocrx_word' id='word_1_403' title='bbox 975 5139 1113 5224; x_wconf 83' lang='lat' dir='ltr'>delatos,</span> <span class='ocrx_word' id='word_1_404' title='bbox 1138 5144 1265 5234; x_wconf 85' lang='lat' dir='ltr'>publici</span> <span class='ocrx_word' id='word_1_405' title='bbox 1287 5145 1369 5235; x_wconf 90' lang='lat' dir='ltr'>juris</span> <span class='ocrx_word' id='word_1_406' title='bbox 1393 5139 1474 5209; x_wconf 87' lang='lat' dir='ltr'>lacta</span> <span class='ocrx_word' id='word_1_407' title='bbox 1498 5145 1752 5211; x_wconf 86' lang='lat' dir='ltr'>commutticsre:</span> <span class='ocrx_word' id='word_1_408' title='bbox 1777 5147 1812 5212; x_wconf 87' lang='lat' dir='ltr'>in</span> <span class='ocrx_word' id='word_1_409' title='bbox 1845 5142 2048 5233; x_wconf 82' lang='lat' dir='ltr'>elegantissi-</span> 
     </span>
     <span class='ocr_line' id='line_1_40' title="bbox 381 5223 2047 5318; baseline 0.002 -26"><span class='ocrx_word' id='word_1_410' title='bbox 381 5247 435 5292; x_wconf 88' lang='lat' dir='ltr'>mo</span> <span class='ocrx_word' id='word_1_411' title='bbox 458 5249 556 5318; x_wconf 87' lang='lat' dir='ltr'>opere</span> <span class='ocrx_word' id='word_1_412' title='bbox 581 5223 857 5316; x_wconf 80' lang='lat' dir='ltr'>Silesicgropltic</span> <span class='ocrx_word' id='word_1_413' title='bbox 876 5251 911 5317; x_wconf 85' lang='lat' dir='ltr'>p.</span> <span class='ocrx_word' id='word_1_414' title='bbox 936 5229 989 5318; x_wconf 81' lang='lat'>78.</span> <span class='ocrx_word' id='word_1_415' title='bbox 1014 5229 1079 5296; x_wconf 81' lang='lat' dir='ltr'>Sed</span> <span class='ocrx_word' id='word_1_416' title='bbox 1103 5234 1259 5303; x_wconf 82' lang='lat' dir='ltr'>hacteuus</span> <span class='ocrx_word' id='word_1_417' title='bbox 1281 5233 1455 5300; x_wconf 81' lang='lat' dir='ltr'>desideriis</span> <span class='ocrx_word' id='word_1_418' title='bbox 1478 5235 1529 5300; x_wconf 87' lang='lat' dir='ltr'>ltis</span> <span class='ocrx_word' id='word_1_419' title='bbox 1556 5234 1753 5301; x_wconf 85' lang='lat' dir='ltr'>satisfactum</span> <span class='ocrx_word' id='word_1_420' title='bbox 1784 5259 1850 5301; x_wconf 87' lang='lat' dir='ltr'>uon</span> <span class='ocrx_word' id='word_1_421' title='bbox 1879 5246 1951 5314; x_wconf 85' lang='lat' dir='ltr'>est,</span> <span class='ocrx_word' id='word_1_422' title='bbox 1982 5232 2047 5298; x_wconf 88' lang='lat' dir='ltr'>nisi</span> 
     </span>
     <span class='ocr_line' id='line_1_41' title="bbox 378 5316 2049 5416; baseline 0.005 -36"><span class='ocrx_word' id='word_1_423' title='bbox 378 5316 470 5406; x_wconf 87' lang='lat' dir='ltr'>quod</span> <span class='ocrx_word' id='word_1_424' title='bbox 493 5317 601 5383; x_wconf 81' lang='lat' dir='ltr'>civem</span> <span class='ocrx_word' id='word_1_425' title='bbox 627 5330 773 5384; x_wconf 88' lang='lat' dir='ltr'>nostrum</span> <span class='ocrx_word' id='word_1_426' title='bbox 799 5317 980 5408; x_wconf 74' lang='lat' dir='ltr'>Caspasum</span> <span class='ocrx_word' id='word_1_427' title='bbox 1006 5319 1333 5416; x_wconf 82' lang='lat' dir='ltr'>Scltisordegberunt.</span> <span class='ocrx_word' id='word_1_428' title='bbox 1364 5321 1477 5388; x_wconf 90' lang='lat' dir='ltr'>Jctum</span> <span class='ocrx_word' id='word_1_429' title='bbox 1507 5322 1687 5415; x_wconf 81' lang='lat' dir='ltr'>inclytum,</span> <span class='ocrx_word' id='word_1_430' title='bbox 1715 5345 1897 5414; x_wconf 88' lang='lat' dir='ltr'>rerumque</span> <span class='ocrx_word' id='word_1_431' title='bbox 1931 5321 2049 5410; x_wconf 82' lang='lat' dir='ltr'>putria·</span> 
     </span>
     <span class='ocr_line' id='line_1_42' title="bbox 379 5405 2046 5502; baseline 0.005 -29"><span class='ocrx_word' id='word_1_432' title='bbox 379 5430 454 5473; x_wconf 88' lang='lat' dir='ltr'>rum</span> <span class='ocrx_word' id='word_1_433' title='bbox 479 5405 714 5496; x_wconf 86' lang='lat' dir='ltr'>peritissimum</span> <span class='ocrx_word' id='word_1_434' title='bbox 738 5406 782 5475; x_wconf 87' lang='lat' dir='ltr'>de</span> <span class='ocrx_word' id='word_1_435' title='bbox 797 5409 878 5497; x_wconf 83' lang='lat' dir='ltr'>jure</span> <span class='ocrx_word' id='word_1_436' title='bbox 899 5408 1071 5499; x_wconf 82' lang='lat' dir='ltr'>singulari</span> <span class='ocrx_word' id='word_1_437' title='bbox 1079 5411 1272 5502; x_wconf 84' lang='lat' dir='ltr'>feudorum</span> <span class='ocrx_word' id='word_1_438' title='bbox 1296 5411 1438 5482; x_wconf 84' lang='lat' dir='ltr'>Silesiae</span> <span class='ocrx_word' id='word_1_439' title='bbox 1460 5412 1583 5479; x_wconf 85' lang='lat' dir='ltr'>librum</span> <span class='ocrx_word' id='word_1_440' title='bbox 1607 5414 1783 5482; x_wconf 80' lang='lat' dir='ltr'>confecisse</span> <span class='ocrx_word' id='word_1_441' title='bbox 1811 5425 1966 5494; x_wconf 85' lang='lat' dir='ltr'>constet,</span> <span class='ocrx_word' id='word_1_442' title='bbox 1989 5413 2046 5502; x_wconf 81' lang='lat' dir='ltr'>qui</span> 
     </span>
     <span class='ocr_line' id='line_1_43' title="bbox 378 5495 2046 5590; baseline 0.002 -27"><span class='ocrx_word' id='word_1_443' title='bbox 378 5513 488 5564; x_wconf 85' lang='lat' dir='ltr'>tamen</span> <span class='ocrx_word' id='word_1_444' title='bbox 516 5495 680 5587; x_wconf 86' lang='lat' dir='ltr'>publicam</span> <span class='ocrx_word' id='word_1_445' title='bbox 705 5497 811 5564; x_wconf 86' lang='lat' dir='ltr'>lucem</span> <span class='ocrx_word' id='word_1_446' title='bbox 836 5497 985 5564; x_wconf 84' lang='lat' dir='ltr'>noudum</span> <span class='ocrx_word' id='word_1_447' title='bbox 1008 5505 1153 5590; x_wconf 82' lang='lat' dir='ltr'>aspexit,</span> <span class='ocrx_word' id='word_1_448' title='bbox 1176 5506 1230 5570; x_wconf 87' lang='lat' dir='ltr'>sed</span> <span class='ocrx_word' id='word_1_449' title='bbox 1256 5509 1290 5571; x_wconf 91' lang='lat' dir='ltr'>in</span> <span class='ocrx_word' id='word_1_450' title='bbox 1316 5504 1406 5570; x_wconf 89' lang='lat' dir='ltr'>mstis</span> <span class='ocrx_word' id='word_1_451' title='bbox 1429 5502 1536 5570; x_wconf 86' lang='lat' dir='ltr'>adbuc</span> <span class='ocrx_word' id='word_1_452' title='bbox 1558 5501 1656 5587; x_wconf 68' lang='lat' dir='ltr'>latet,</span> <span class='ocrx_word' id='word_1_453' title='bbox 1680 5505 1848 5574; x_wconf 84' lang='lat' dir='ltr'>interesset</span> <span class='ocrx_word' id='word_1_454' title='bbox 1872 5516 1983 5572; x_wconf 84' lang='lat' dir='ltr'>autem</span> <span class='ocrx_word' id='word_1_455' title='bbox 2000 5503 2046 5571; x_wconf 87' lang='lat' dir='ltr'>rei</span> 
     </span>
     <span class='ocr_line' id='line_1_44' title="bbox 379 5587 2049 5686; baseline 0.001 -32"><span class='ocrx_word' id='word_1_456' title='bbox 379 5588 505 5679; x_wconf 73' lang='lat' dir='ltr'>patriae</span> <span class='ocrx_word' id='word_1_457' title='bbox 530 5609 634 5680; x_wconf 83' lang='lat' dir='ltr'>quam</span> <span class='ocrx_word' id='word_1_458' title='bbox 658 5589 816 5675; x_wconf 83' lang='lat' dir='ltr'>maxime,</span> <span class='ocrx_word' id='word_1_459' title='bbox 838 5587 984 5679; x_wconf 86' lang='lat' dir='ltr'>ejusdem</span> <span class='ocrx_word' id='word_1_460' title='bbox 1008 5613 1185 5682; x_wconf 86' lang='lat' dir='ltr'>procurare</span> <span class='ocrx_word' id='word_1_461' title='bbox 1205 5595 1407 5680; x_wconf 87' lang='lat' dir='ltr'>editionem,</span> <span class='ocrx_word' id='word_1_462' title='bbox 1428 5617 1526 5677; x_wconf 86' lang='lat' dir='ltr'>cum,</span> <span class='ocrx_word' id='word_1_463' title='bbox 1548 5591 1631 5686; x_wconf 82' lang='lat' dir='ltr'>quid</span> <span class='ocrx_word' id='word_1_464' title='bbox 1655 5617 1672 5660; x_wconf 89' lang='lat' dir='ltr'>a</span> <span class='ocrx_word' id='word_1_465' title='bbox 1696 5608 1789 5664; x_wconf 84' lang='lat' dir='ltr'>tanto</span> <span class='ocrx_word' id='word_1_466' title='bbox 1820 5597 1892 5664; x_wconf 82' lang='lat' dir='ltr'>tiro</span> <span class='ocrx_word' id='word_1_467' title='bbox 1925 5593 1960 5657; x_wconf 90' lang='lat' dir='ltr'>in</span> <span class='ocrx_word' id='word_1_468' title='bbox 1989 5591 2049 5658; x_wconf 88' lang='lat' dir='ltr'>hoc</span> 
     </span>
    </p>
   </div>
   <div class='ocr_carea' id='block_1_10' title="bbox 0 0 2247 6180">
    <p class='ocr_par' dir='ltr' id='par_1_10' title="bbox 0 0 2247 6180">
     <span class='ocr_line' id='line_1_45' title="bbox 0 0 2247 6180; baseline 0 0"><span class='ocrx_word' id='word_1_469' title='bbox 0 0 2247 6180; x_wconf 95' lang='lat' dir='ltr'> </span> 
     </span>
    </p>
   </div>
  </div>
 </body>
</html>
