4460 6176
277 303 333 361 m
689 291 737 346 DE
753 289 897 348 suntcto
917 289 1097 348 entttcwts
1115 294 1231 352 tttxrtt
1251 294 1370 352 SOLAM
1387 311 1447 354 ιτα.
1808 301 1862 357 'iii

224 421 257 458 en
278 399 363 458 sotori
383 391 594 467 strpptetnrlom
608 406 642 443 ⁸¹¹
656 401 702 442 ΝΘ
721 386 900 458 Ρῦῑῑῑῑῠῐῑῑῐῦ
918 389 1052 457 iuremu-
1139 387 1161 460 ἓ.
1181 391 1225 446 li.
1246 391 1351 446 Similis
1369 393 1528 464 procedendi
1554 395 1625 452 estio
1642 395 1744 452 obtinet
1767 397 1795 452 in
1815 413 1920 456 contro·

232 497 286 540 tum
308 487 345 540 eis
362 479 545 536 deferendum·
567 476 596 528 Si
624 475 711 543 iteque
734 471 858 543 princeps
883 475 910 524 ln
935 489 979 524 suu
999 492 1056 542 prc-
1103 475 1197 527 eersiis
1217 476 1360 528 maritimis
1379 477 1434 530 sire
1457 480 1590 544 nauticis,
1609 480 1638 532 in
1662 481 1758 550 quibus
1782 485 1833 549 iem
1852 485 1919 540 olins

231 571 315 624 sinoie
340 565 500 638 generaliter
519 563 547 612 in
573 575 737 630 quecumque
756 572 831 609 censs
857 557 926 608 hunc
946 556 1051 610 modum
1101 557 1191 611 levore
1211 561 1267 613 uelo
1286 561 1479 629 procedendum
1499 581 1570 628 esse,
1585 567 1754 620 decreuerunt
1773 569 1855 638 impp.
1868 572 1919 622 llo·

225 653 403 726 procedendi,
422 651 453 702 etl
474 649 555 702 eutem
576 643 639 697 iucti
659 645 798 696 seritetees
821 641 988 703 restrictum,
1008 643 1051 698 ln·
1101 659 1150 696 nor
1168 653 1194 696 et
1212 643 1345 698 Theodos.
1363 645 1392 698 in
1410 645 1428 698 l.
1448 645 1473 700 d.
1491 663 1517 701 e.
1534 645 1567 702 de
1585 647 1724 717 ωψσε.
1744 647 1800 702 lloc
1818 647 1873 705 fine
1890 652 1919 704 in

235 736 371 800 traducet,
390 735 502 787 selutern
522 745 630 784 suorum
654 725 835 784 subditurum.
853 725 897 796 qni
926 739 972 795 per
990 727 1051 779 dlu·
1099 725 1251 779 ciritetibue
1273 728 1417 782 maritimis
1435 745 1548 800 seperate
1568 734 1695 802 quaedem
1712 731 1808 800 judicie
1825 743 1852 784 et
1870 736 1919 787 cul·

230 821 385 875 turnitstem
404 827 431 870 et
454 815 632 868 subtilitetern
657 824 826 881 processuum
850 809 972 878 pecuniis
990 810 1046 862 suis
1098 813 1165 879 legis
1184 813 1326 866 constitute
1345 824 1424 879 sunt,
1437 815 1481 869 ubi
1496 816 1573 884 hujus
1591 817 1695 886 generis
1713 817 1918 882 controversiae,

228 904 326 956 misere
342 909 535 968 emunguntur,
554 893 690 951 evidenter
709 892 890 962 promorelslt,
903 901 930 945 et
949 894 984 945 ite
1004 895 1046 946 de·
1098 897 1267 964 praecedente
1285 897 1428 951 summarie
1439 897 1502 952 lecti
1515 901 1682 968 cognitione,
1696 900 1918 970 siueetnbegibus

229 1003 302 1041 mum
321 1001 394 1040 snum
414 983 512 1053 cuique
529 981 590 1035 eine
614 977 745 1050 temporie
768 986 794 1031 et
819 973 985 1030 tortuoernus
1003 977 1048 1028 di·
1097 993 1235 1047 prooessue
1251 979 1382 1032 ordinarii
1402 981 1561 1037 deciduntur
1578 983 1612 1036 sb
1630 985 1759 1053 ejusmodi
1780 987 1916 1055 personis,

228 1068 339 1143 ependic
358 1066 466 1121 tribuet.
1096 1071 1164 1129 quse
1187 1075 1278 1112 rerum
1304 1063 1497 1118 meritinterum
1524 1064 1701 1121 sufficientem
1729 1069 1851 1122 notitiem
1870 1069 1918 1124 he·

263 1159 286 1217 ς.
304 1151 347 1206 ld.
367 1151 420 1204 Pro
444 1165 494 1220 qus
519 1143 649 1199 sententis
675 1143 785 1196 ulterius
810 1142 967 1196 stubiliends
995 1160 1046 1198 non
1096 1141 1442 1212 brut-Vulgodiciturdus
1457 1147 1918 1223 Admirattraus-cottegtum,oder

229 1234 371 1307 proeocelic
388 1230 502 1302 emplius
518 1229 551 1281 ed
570 1239 656 1282 estere
675 1241 756 1294 segne
773 1221 959 1286 Brltsnuiem.
979 1225 1046 1279 Sue·
1096 1225 1147 1280 der
1170 1225 1368 1292 SreGers'clste
1384 1232 1505 1299 quemuis
1530 1233 1558 1284 in
1576 1233 1736 1302 quibusdem
1763 1233 1919 1290 ciritstibue

228 1319 312 1381 risus,
331 1315 462 1378 Decium,
481 1311 526 1366 eed
553 1311 586 1365 sd
609 1307 728 1377 ejusdem
755 1309 860 1378 generis
885 1307 998 1373 iudicis,
1017 1307 1045 1360 in
1096 1311 1177 1364 etiem
1197 1311 1226 1365 iu
1246 1311 1289 1365 hie
1308 1313 1393 1366 censis
1413 1330 1466 1367 nou
1479 1329 1583 1384 semper
1595 1317 1740 1369 summarie
1754 1317 1917 1386 procedendi

227 1401 364 1473 plerisque
380 1396 542 1452 Germeuiee
559 1395 625 1449 loeis
642 1397 695 1464 jem
713 1403 835 1464 recepte,
854 1392 898 1444 ubi
918 1393 1047 1462 simplici·
1095 1392 1164 1444 rstic
1181 1393 1276 1448 stricte
1292 1395 1460 1460 observetur,
1475 1397 1520 1450 sed
1533 1413 1668 1466 processus
1681 1401 1782 1453 neutici
1798 1401 1918 1472 eliquen-

230 1495 269 1540 ter
286 1495 312 1538 et
330 1483 364 1535 de
381 1483 461 1554 pleno
477 1481 650 1552 proceditur,
668 1480 748 1531 etiem
769 1479 799 1530 ie
816 1476 904 1530 neeis
919 1479 1044 1544 vuissi-
1095 1473 1131 1534 fle
1147 1477 1243 1530 tnuitis
1256 1478 1540 1547 procreetiuetiouilsue
1552 1491 1577 1533 et
1592 1479 1697 1550 effugiis
1715 1485 1919 1554 protrsltsutur,

228 1566 297 1630 mis,
314 1579 374 1618 euru
393 1579 486 1632 moeno
504 1562 594 1616 selutis
612 1561 731 1632 publicae
749 1559 918 1614 incremento.
939 1563 1044 1614 lluere·
1093 1559 1170 1612 sicuti
1199 1561 1371 1629 conqueritur
1396 1560 1517 1614 Reiuold.
1544 1559 1664 1618 Ruricio
1687 1565 1719 1619 de
1738 1566 1805 1638 jure
1828 1568 1919 1620 muris.

227 1647 286 1703 loro
303 1663 453 1718 processum
472 1645 501 1698 in
521 1643 579 1698 loro
604 1655 797 1705 mereetorum,
816 1642 867 1712 bey
890 1643 952 1698 dem
970 1647 1047 1700 Hon-
1093 1645 1277 1700 Eumeneia
1297 1646 1417 1715 append.
1434 1665 1479 1716 qu·
1498 1647 1541 1698 ³¹1.
1559 1649 1590 1699 in
1608 1647 1678 1702 med.

228 1731 438 1793 rete-(torneie,
463 1741 613 1798 receptum,
632 1727 665 1782 de
691 1745 743 1797 quc
768 1734 887 1786 ccuetet.
910 1729 980 1796 qttntl
1007 1725 1044 1790 ibi
1094 1784 1099 1794 ‚
1130 1727 1215 1794 ΗΒ.
1236 1727 1311 1780 Plura
1329 1728 1425 1780 rddere
1443 1743 1490 1782 nee
1510 1729 1582 1782 lubet
1602 1747 1650 1784 nec
1675 1743 1759 1787 secet:
1778 1751 1812 1786 ex
1830 1733 1914 1790 uddu-

228 1817 366 1872 eelerriosc
382 1815 559 1884 expedientur
576 1827 666 1866 ceusee
684 1812 825 1864 multorum
840 1811 1046 1867 milliumthele·
1093 1810 1145 1862 etis
1163 1811 1234 1864 enirn
1255 1813 1318 1864 estis
1346 1820 1467 1864 cunctere
1481 1813 1615 1877 erbitror,
1634 1833 1683 1886 pre
1707 1819 1843 1872 moreliter
1869 1823 1917 1874 ius-

228 1911 331 1972 rorem.
349 1900 378 1956 Sl
400 1913 462 1968 erpo
480 1897 524 1950 ltin
540 1896 641 1965 justitie
659 1893 775 1950 obtineri
803 1894 887 1964 possit
905 1895 965 1948 sinc
982 1909 1047 1955 stre·
1093 1893 1217 1964 possibili
1242 1913 1295 1950 nou
1320 1895 1483 1952 censendum
1502 1913 1577 1966 esse,
1594 1917 1646 1969 quo
1665 1899 1754 1954 minus
1778 1901 1915 1972 principer

228 1988 289 2056 pitu
308 1981 421 2049 intensi,
439 1998 488 2036 eur
506 1981 577 2034 idern
598 1979 626 2032 in
649 1978 761 2036 eliorum
787 1977 884 2032 cirinen
903 1981 989 2032 unet·
1007 1982 1044 2035 ie·
1094 1976 1203 2047 imperii
1224 1979 1327 2033 tendetu
1348 1995 1515 2048 processuum
1542 1981 1663 2051 embegce
1687 2000 1822 2048 reserere,
1841 1994 1867 2037 et
1885 1993 1916 2038 ut

228 2083 288 2138 com
305 2080 358 2122 non
379 2059 528 2118 iurenireti
546 2062 575 2117 Si
595 2061 750 2130 νομικῆς,
768 2077 857 2116 esurus
875 2071 1044 2116 mercatorum
1092 2058 1154 2119 ecio
1162 2063 1243 2133 fiunto·
1258 2061 1369 2116 ueritate
1393 2061 1512 2134 iuspecto
1530 2063 1631 2120 luetur
1653 2067 1799 2136 sententis,
1816 2069 1915 2138 judici·

227 2165 281 2203 nou
300 2145 372 2202 iesse
389 2165 493 2212 mores,
512 2146 558 2200 sed
577 2145 706 2198 iuteresse
724 2145 841 2216 pertiurn
861 2143 906 2196 hie
923 2147 1043 2215 exigere,
1096 2143 1143 2198 bus
1162 2147 1300 2217 injungere
1318 2147 1430 2218 possint.
1450 2145 1490 2198 Es
1511 2147 1559 2199 noo
1576 2157 1662 2202 eutem
1674 2185 1684 2220 ,Ι
1699 2159 1826 2220 quantum
1845 2169 1914 2206 cour·

228 2242 258 2286 nt
275 2232 413 2286 celerrime
430 2229 619 2304 expedientur3
639 2245 752 2300 repunc;
771 2246 833 2298 ergo
852 2243 885 2280 ne
902 2228 962 2282 eliis
980 2229 1044 2282 ciri·
1095 2229 1166 2284 rncdi
1186 2231 1213 2282 in
1229 2229 1349 2284 subditos
1367 2230 1662 2304 redundaturum,ipsi
1674 2233 1852 2298 testebuntor,
1868 2235 1914 2308 qul

228 2320 276 2373 bus
293 2317 345 2372 hoc
361 2334 427 2371 enne
446 2315 655 2389 imponendum,
674 2324 704 2368 ut
721 2331 768 2384 per
794 2316 889 2368 multus
910 2330 1044 2385 processus
1093 2326 1151 2363 cum
1171 2309 1338 2366 lcrtuuernm
1358 2331 1465 2367 suerum
1484 2313 1626 2384 dispendio
1651 2329 1698 2386 per
1715 2319 1810 2372 multos
1827 2321 1915 2391 litige-

227 2417 344 2458 rereorse
361 2411 389 2456 ct
402 2409 522 2472 sumptus
534 2399 679 2454 immensos
696 2399 737 2465 lue
748 2411 823 2453 suum
842 2410 1045 2467 persequuntur,
1093 2403 1155 2448 runt
1171 2413 1272 2462 euuos,
1291 2408 1320 2452 et
1339 2405 1427 2450 temen
1444 2397 1576 2464 justitium
1595 2395 1631 2450 cb
1648 2413 1762 2453 remores
1781 2417 1915 2471 processus

227 2486 305 2542 e‘tiern
324 2501 383 2538 enm
408 2485 524 2556 periculo
546 2484 576 2536 in
597 2485 666 2552 juste
691 2495 766 2536 csuse
792 2481 995 2546 succorubenrli,
1019 2485 1042 2536 si
1091 2479 1212 2533 obtinere
1233 2497 1286 2534 nou
1311 2480 1540 2552 porcomortuo
1565 2491 1653 2536 temen
1679 2483 1723 2536 hie
1747 2483 1910 2541 intellectum

228 2571 298 2625 circe
317 2584 453 2640 processus
473 2565 587 2621 iurruule
603 2566 668 2636 qnid
686 2565 859 2636 neglexerint·
873 2563 1045 2622 (lenienvie
1091 2563 1228 2632 solumne,
1245 2565 1291 2618 sed
1309 2568 1402 2635 procul
1419 2581 1477 2619 esse
1494 2564 1616 2634 jobemus
1640 2581 1793 2637 processum
1819 2574 1913 2624 turnul-

231 2671 302 2710 eteue
315 2655 459 2723 leipeiger
474 2650 738 2706 flandrie-Getieum
764 2649 897 2719 oedem
918 2648 954 2704 de
968 2669 1042 2707 unse
1091 2646 1222 2712 torrium,
1240 2647 1270 2700 lu
1286 2665 1339 2718 qne
1366 2649 1408 2702 ele
1429 2647 1513 2714 lecti,
1529 2659 1571 2702 est
1593 2665 1648 2704 noe
1673 2649 1737 2704 lecti
1762 2653 1869 2710 seritete
1885 2663 1913 2710 et

232 2740 312 2792 ¹082
334 2738 380 2793 ubi
397 2739 439 2790 rit.
456 2738 502 2789 tt.
519 2751 613 2790 omnes
636 2732 805 2804 exeeptiooee
826 2731 962 2788 dilsteriee
979 2736 1042 2803 rejl-
1091 2730 1190 2797 institis
1208 2731 1341 2803 inspecte,
1355 2734 1521 2803 proceditur,
1534 2743 1561 2788 et
1579 2734 1618 2787 ite
1636 2737 1678 2805 jue
1696 2736 1814 2806 legium
1830 2757 1910 2810 quee-

227 2827 409 2892 eluuturscnr
427 2839 488 2892 ereo
506 2819 556 2874 lucc
572 2836 627 2874 uon
645 2819 722 2874 etieee
740 2815 806 2871 dibi
818 2811 877 2870 lieri
896 2829 997 2888 posset,
1010 2819 1044 2873 de
1090 2813 1170 2868 siteee
1187 2814 1264 2868 elteri
1282 2815 1342 2869 siue
1358 2831 1450 2870 eeuue
1466 2814 1634 2885 cognitioee,
1655 2815 1737 2874 initic
1763 2819 1797 2872 eb
1818 2836 1912 2877 escon·

226 2928 278 2982 quc
295 2917 381 2963 ectum
400 2921 476 2977 snpre
493 2902 518 2976 5,
536 2903 581 2956 28.
594 2903 667 2956 Licet
679 2900 711 2956 de
729 2911 827 2956 coetero
845 2900 872 2952 iu
890 2899 979 2955 eedem
997 2919 1041 2956 er·
1090 2896 1162 2951 tione
1179 2891 1416 2966 lsctcndimitur,
1428 2900 1515 2971 quetis
1537 2901 1656 2971 exemplu
1685 2903 1786 2956 utinum
1799 2919 1852 2958 nou
1867 2907 1912 2960 de·

228 2993 364 3048 cinctione
381 2988 505 3060 lipsiensi
523 2987 605 3040 multe
620 2983 705 3038 editoe
715 2982 963 3054 deprehendentur,
976 3001 1041 3053 quse
1090 2989 1183 3034 rentur
1199 2980 1412 3054 qusmplurintel
1428 2985 1503 3038 Telis
1515 2994 1601 3038 sutem
1614 2985 1723 3036 consiliu
1735 2984 1780 3055 qui
1793 2985 1912 3058 eliquen-

227 3075 326 3146 regulis
340 3088 477 3145 processus
495 3069 633 3126 summeril
652 3084 705 3122 ncn
723 3066 888 3122 conveniunt.
902 3065 978 3125 Plura
991 3069 1043 3128 ein-
1089 3065 1123 3118 do
1146 3067 1315 3138 principibus
1339 3067 1536 3139 suppeditent,
1560 3083 1648 3121 securo
1673 3077 1822 3141 reputent,
1849 3087 1909 3139 gre·

226 3159 341 3232 gulsrie,
358 3174 426 3229 quse
449 3155 477 3208 ie
505 3154 563 3208 loro
587 3162 761 3207 mermtornne
783 3149 918 3204 obserseri
941 3152 1040 3218 solem,
1094 3148 1215 3204 riseimee
1232 3167 1322 3206 curum
1342 3151 1469 3205 tribuueli
1487 3149 1578 3205 diuino
1595 3153 1710 3205 rstionee
1726 3153 1779 3206 eibi
1798 3153 1907 3209 reddeu-

227 3241 358 3310 congusti
372 3240 417 3294 dn.
436 3237 606 3292 Leuterluctt.
624 3237 702 3302 nup.
721 3236 755 3290 de
767 3233 831 3304 iun
841 3233 960 3290 iecoris
973 3251 1041 3292 seer·
1090 3230 1137 3285 des
1149 3249 1219 3298 esses
1232 3234 1287 3290 ime
1298 3247 1326 3291 et
1343 3235 1371 3288 in
1390 3236 1439 3290 lone
1458 3235 1512 3290 rite
1532 3234 1617 3289 Deum
1629 3236 1755 3291 melitium
1775 3236 1841 3290 hene
1855 3255 1909 3293 uon

227 3333 350 3378 ceterum
363 3321 475 3376 uriscto.
497 3323 553 3374 tlue
570 3321 653 3377 etiem
668 3318 782 3388 pertinet
795 3319 869 3372 locus
881 3335 913 3372 ee
929 3321 1041 3376 necessu
1091 3317 1243 3373 relicturum
1263 3336 1319 3374 esse
1336 3319 1457 3374 inultum.
1476 3317 1663 3372 concludimur
1689 3319 1794 3372 undem
1819 3321 1908 3374 serbis

225 3407 336 3480 imperii
350 3407 385 3460 de
400 3423 476 3461 anno
496 3405 576 3459 lolli.
595 3412 617 3470 ς.
637 3404 697 3457 tot.
717 3403 764 3458 ubi
788 3403 967 3474 epproltectur
986 3421 1042 3458 usc-
1091 3399 1157 3470 regii
1175 3403 1316 3474 prophetes
1333 3419 1374 3472 pe.
1392 3401 1438 3456 ttt.
1450 3417 1516 3456 sere.
1528 3401 1570 3454 ill.
1582 3417 1648 3470 quse
1659 3400 1786 3456 lutherus
1802 3419 1908 3473 expres·

227 3505 270 3544 res
289 3489 318 3539 tn
337 3485 485 3543 oteitetlboe
503 3499 529 3543 et
548 3489 633 3543 curiis
650 3497 818 3540 moratorum
842 3484 951 3550 usiteti,
968 3485 1043 3542 Dese
1091 3487 1242 3542 eitzlleelst
1260 3502 1334 3542 erues
1351 3487 1420 3542 dccl
1438 3485 1524 3541 lleclt
1541 3481 1662 3551 biriieu,
1675 3483 1859 3558 sedveteplue
1876 3486 1906 3542 lu

226 3572 257 3624 iu
281 3572 519 3628 Mutant-Sueten
536 3570 581 3625 die
595 3581 694 3643 perure
710 3570 834 3626 wenido
851 3570 953 3625 erroris
964 3572 1046 3626 Plete
1093 3588 1138 3626 ens
1156 3571 1309 3647 perepbreei
1325 3571 1462 3629 reddiditr

208 3653 334 3722 Ἰιαὺεη,
352 3653 413 3712 und
429 3653 491 3710 dem
509 3655 619 3712 unum
633 3655 684 3708 der
706 3665 795 3708 ersten
821 3655 941 3710 Instante
958 3655 1043 3710 uede-

227 3753 354 3791 nommen
371 3755 435 3803 erre
462 3738 547 3803 rollo,
567 3737 763 3809 oleseiindert
784 3738 888 3806 einiger
911 3740 1043 3812 Appella-
1128 3741 1199 3797 Deus
1219 3739 1251 3794 ed
1275 3741 1393 3811 justitior
1414 3757 1537 3798 nnrmeru
1561 3743 1680 3805 restituet
1699 3741 1845 3812 judicium,
1875 3753 1904 3800 et

227 3819 285 3873 tion
304 3821 372 3874 eder
388 3821 599 3892 Provocatice,
612 3824 683 3878 uocis
700 3822 865 3878 derSecleen
876 3821 1044 3893 Befieduud
1162 3827 1230 3882 hene
1247 3826 1418 3885 ”nubuntur
1435 3845 1543 3899 omnes,
1560 3830 1607 3902 qui
1626 3839 1697 3886 rectu
1714 3839 1777 3886 sunt
1794 3829 1880 3886 eorde.

226 3905 441 3976 Ermenriguug
449 3905 492 3960 die
507 3907 665 3963 &aaron
676 3925 709 3962 eu
721 3907 901 3966 collensieltsu
908 3943 918 3976 ,
931 3908 988 3962 und
996 3905 1043 3964 die

141 4051 144 4054 ,
225 3989 371 4050 Debitum
385 4009 435 4048 eur
450 3989 629 4064 doduldt'elres't
646 3991 820 4049 centrum

825 4312 939 4372 solt
968 4313 1064 4374 DEO
1093 4313 1297 4374 GLOlilti.
