4470 6188
218 263 273 320 317
513 254 561 310 DE
580 248 761 306 reticenti
783 250 981 308 tutellensi
1001 249 1130 307 TITULO
1149 250 1314 308 ONEROSO
1333 251 1503 324 Quissttt
1741 256 1796 310 318

162 361 211 432 ligi
229 358 324 411 debere
343 355 465 424 derogeta
478 350 617 421 priuilegia
630 352 715 420 pretio
727 357 769 400 aut
783 365 814 400 ιι
829 367 904 402 ιιιιι
917 367 979 402 one·
1032 349 1124 403 Fratre.
1139 351 1244 404 Burstat.
1258 347 1310 404 uit.
1330 352 1355 404 2.
1374 370 1448 406 cont.
1468 352 1529 405 189.
1549 369 1575 404 ιι.
1593 350 1637 405 33.
1660 349 1737 406 Unde
1754 364 1781 406 et
1800 354 1850 408 tale

162 461 219 496 rosa
238 442 383 510 acquisita,
401 441 463 509 quia
482 445 511 488 ut
536 435 658 488 hactenus
674 431 769 485 dictum
789 451 803 484 e
820 443 842 494 t,
862 451 912 486 uon
933 435 984 486 lule
1032 432 1196 502 priuilegium
1212 435 1389 502 giruesumitor
1402 453 1458 487 esse
1472 437 1541 488 reule
1553 447 1578 489 et
1592 436 1619 486 in
1633 435 1756 488 haeredes
1776 447 1849 489 trun·

161 539 200 580 est
219 526 400 596 privilegium,
421 521 466 574 sed
485 527 635 571 contractus
649 515 808 586 emptionis,
821 514 865 582 qui
881 535 893 565 a
907 517 981 584 priu-
1004 541 1009 621 Ι
1033 519 1166 570 sitoriuan.
1176 520 1270 588 vutuj.
1283 538 1305 571 c.
1318 519 1336 571 1.
1345 536 1420 572 cons.
1434 519 1476 570 35.
1487 538 1513 571 ιι.
1527 523 1587 572 111.
1600 518 1855 591 ιοιι1.11ιιίριι1ι11ι1.Ι

161 610 219 679 cipe
237 610 351 663 resonuit
372 624 425 660 uon
446 610 542 674 potest.
562 601 654 654 Posset
680 599 742 652 bsec
759 601 870 652 assertio
890 600 983 652 utilitu-
1004 625 1009 682 g
1032 600 1213 653 eit.1.n.60.
1234 601 1336 655 Bttrsat.
1355 620 1429 656 cons.
1450 605 1493 656 88.
1514 621 1540 656 ιι.
1562 603 1605 654 58.
1626 621 1695 672 seqq.
1715 601 1851 656 Klockios.

161 703 214 748 tem
234 693 360 764 pntebere
380 691 408 741 iu
427 685 554 754 ejusmodi
574 701 650 747 essu,
674 685 696 736 si
722 683 800 734 eliciti
827 683 982 738 immunitus
1004 687 1009 760 1
1030 683 1074 736 eit.
1088 685 1105 735 1.
1119 684 1353 754 1¹18.Quiomnes
1366 688 1392 738 in
1407 705 1438 740 eo
1458 687 1628 749 conueniunt,
1642 685 1709 755 quod
1732 687 1781 740 tale
1798 685 1851 757 pri·

160 777 248 848 pretio
267 773 455 828 interrenieute
475 777 545 822 esset
564 783 695 832 concesse,
714 777 740 820 et
755 767 877 837 princeps
895 779 982 835 postea
1005 767 1010 850 1
1032 770 1155 838 vilegium
1171 787 1221 822 uun
1234 770 1268 820 sit
1281 771 1395 838 simplex
1410 774 1508 840 gestia,
1523 769 1568 824 sed
1583 767 1708 837 qttaetlum
1723 779 1851 838 permuta·

161 874 258 916 cenem
278 858 401 928 pecuniae
413 871 544 908 summam
557 852 681 904 omnibus
695 851 844 918 imponeret
860 851 984 914 subditis,
1005 857 1010 908 Ι
1034 856 1087 916 tio,
1100 853 1181 922 etqui
1197 869 1357 916 retnuoerut,
1380 873 1431 906 non
1452 867 1503 906 tam
1526 853 1713 906 tttuutitueu
1733 863 1853 922 exercet,

161 963 223 998 curo
242 942 371 996 clauicula:
390 956 445 990 non
470 936 642 990 obstantibus
667 931 873 1004 quibuscumque
895 932 984 990 indul·
1006 915 1010 971 Ι
1032 936 1076 987 sed
1090 949 1193 990 nuturue
1205 937 1324 990 debitum
1338 939 1425 990 solrit.
1440 938 1613 992 Prutkmmn.
1625 937 1797 990 uol.l.cons·
1808 938 1853 992 39.
1886 1005 1890 1012 .

164 1024 263 1098 gentiis
276 1033 303 1078 ιι
311 1022 472 1092 privilegiis,
491 1033 553 1074 tunc
571 1017 639 1070 baud
657 1016 758 1086 gessori
778 1034 852 1086 posse
864 1019 984 1073 ridentur
1006 1041 1011 1098 q
1033 1039 1060 1074 u.
1081 1022 1125 1074 51.
1139 1023 1254 1074 uuum
1270 1041 1297 1094 p.
1316 1033 1488 1092 postquem.
1511 1025 1552 1074 ll.
1573 1041 1601 1074 ιι.
1622 1021 1663 1072 12.
1685 1037 1759 1090 seqq.
1780 1021 1853 1090 Qute

166 1125 200 1162 ex
218 1124 292 1161 eausa
311 1123 438 1168 onerose,
458 1106 503 1158 sed
523 1112 624 1154 tentum
649 1118 682 1155 ex
702 1103 834 1155 lucrativa.
854 1102 986 1156 Castrens.
1006 1104 1012 1211 Ι
1033 1106 1097 1158 adeo
1109 1108 1291 1169 estetuluutur,
1305 1117 1332 1158 ut
1345 1108 1476 1176 princeps,
1487 1104 1634 1172 nequidem
1649 1120 1680 1156 ex
1691 1117 1756 1157 certa
1771 1105 1856 1157 scieu-

168 1192 414 1246 cornellius.
434 1190 452 1241 1.
473 1192 497 1241 1.
519 1187 655 1240 ΑιιιΙιιοΙὶ.
672 1185 716 1238 cit.
739 1185 756 1238 1.
783 1203 811 1238 ιι.
835 1187 878 1238 15.
896 1197 922 1240 et
942 1189 984 1241 18.

164 1278 274 1344 Optime
293 1278 342 1330 boc
359 1275 471 1329 declarat
498 1272 657 1324 llondedeus
674 1269 732 1323 atei.
751 1271 776 1321 2.
800 1289 874 1326 conr.
893 1272 937 1324 88.
956 1292 985 1324 n.
1007 1221 1012 1332 1

1033 1201 1066 1243 ιιι
1085 1189 1125 1244 sei
1142 1192 1308 1260 plenitudine
1329 1192 1484 1262 potestatis,
1504 1189 1653 1258 hujusmodi
1684 1188 1853 1258 priuilegium

1035 1291 1153 1328 resecare
1172 1277 1266 1348 possit.
1277 1275 1385 1330 Fordin.
1399 1277 1532 1350 iniquius
1547 1277 1564 1330 1.
1583 1269 1607 1327 1.
1620 1285 1746 1330 controv.
1758 1274 1855 1328 illustr.

163 1361 209 1414 15.
229 1362 271 1414 bis
288 1360 391 1414 serbis:
412 1377 461 1412 nec
472 1359 507 1412 de
520 1357 659 1409 volumtate
670 1355 799 1426 principis
812 1365 918 1408 constat
928 1353 987 1425 suf·
1008 1337 1012 1414 i
1035 1374 1057 1409 e.
1071 1359 1101 1408 2.
1116 1377 1145 1410 ιι.
1156 1359 1183 1412 5.

157 1445 287 1520 ficientes
303 1457 330 1500 ιι
348 1445 440 1500 uerbis
458 1441 577 1496 indubiis
593 1441 766 1512 ponderatis,
786 1459 844 1493 non
857 1441 988 1496 obstanti

168 1533 217 1585 hus
227 1531 430 1601 ortibuscntngue
443 1527 617 1597 indulgentiis
630 1536 655 1577 et
664 1525 817 1592 privilegiis,
833 1525 897 1594 qnia
906 1545 987 1594 qttuu-

166 1616 201 1667 do
218 1615 358 1684 privilegiu
376 1612 546 1666 transierunt
559 1612 588 1662 in
607 1621 784 1671 contructum,
797 1619 827 1660 nt
839 1619 941 1662 constet
953 1611 986 1664 eie

167 1698 309 1750 voluntate
324 1693 457 1764 principis
476 1693 532 1746 illis
550 1692 699 1762 derogandi
715 1709 771 1744 uon
782 1691 886 1762 stffcit
902 1709 984 1760 gens·

167 1779 235 1832 ralis
252 1779 408 1850 derogatio,
427 1775 505 1828 etium
525 1775 711 1842 amplissimo,
733 1776 781 1828 ted
798 1777 920 1848 specialis
930 1777 987 1829 ecci·

165 1866 257 1936 gitur,
276 1865 345 1918 olitis
362 1863 462 1918 dicitur
477 1860 627 1932 principem
646 1861 702 1914 illis
711 1863 841 1932 derogare
856 1867 985 1921 ncittirse.

204 1951 227 2016 ς.
248 1951 290 2002 18.
307 1951 378 2004 titre
396 1959 422 2002 et
438 1949 510 2002 serie
529 1946 562 2001 tle
577 1946 738 2016 obligatione
758 1948 899 2016 principis,
917 1952 988 2017 ejus-

168 2051 220 2102 que
237 2031 355 2086 efficacia
374 2033 424 2084 alia
437 2049 448 2084 s
460 2031 576 2085 sentiunt
590 2031 719 2094 tinctores,
733 2031 795 2083 dum
809 2029 988 2086 differentiam

169 2117 293 2170 eximiam
314 2135 370 2171 esse
394 2126 512 2170 statuunt
537 2117 608 2170 inter
633 2126 781 2168 constructus
807 2116 988 2186 privatorum,

168 2213 191 2254 et
211 2212 355 2254 contrectus
374 2201 506 2270 principis
525 2217 584 2252 eum
605 2197 739 2263 subditis;
760 2197 799 2250 ibi
819 2200 912 2252 edesse
930 2201 988 2267 qni·

168 2281 227 2334 dem
246 2286 288 2350 jus
306 2293 331 2335 et
343 2284 533 2352 obligationem
551 2280 705 2351 perlectum,
718 2282 766 2334 boc
779 2299 838 2334 casu
854 2299 915 2337 vero
928 2286 992 2334 snb·

167 2365 234 2418 ditos
253 2366 293 2434 jus
314 2366 457 2435 perlectum
476 2367 612 2436 acquirere
637 2383 688 2418 non
716 2381 806 2434 posse,
833 2383 891 2421 cum
916 2366 988 2420 nullo

168 2450 245 2502 nando
266 2451 417 2520 principem
437 2467 527 2518 cogere
547 2451 655 2503 calcent.
675 2451 773 2504 Verum
795 2451 847 2502 duo
868 2449 911 2500 bic
929 2465 990 2502 con·

168 2532 241 2586 lundi
265 2536 464 2598 animulaertog
487 2553 545 2584 sautu
572 2533 645 2585 aliud
664 2545 719 2598 ιιι,
744 2542 832 2586 utrum
863 2531 989 2604 princeps

168 2621 196 2670 iu
217 2637 314 2672 senon
333 2621 466 2687 obligetur
493 2617 650 2681 ellicuciter,
674 2618 744 2686 quod
769 2635 847 2670 cerno
870 2620 991 2686 neguitit,

167 2703 228 2770 «pria
248 2721 328 2773 seque
345 2706 401 2767 iure
421 2717 529 2759 ceturae
539 2705 691 2774 ¹subjicitur
703 2718 733 2758 ec
745 2705 766 2756 si
780 2713 847 2756 esset
862 2705 989 2775 prirutus,

168 2795 192 2838 et
214 2785 262 2838 ltoc
279 2788 385 2856 quidem
405 2783 552 2840 elitcaciter
570 2798 694 2858 operatur
708 2806 737 2839 ac
751 2786 777 2838 in
790 2785 904 2850 sublito;
920 2785 991 2838 uliud

168 2886 230 2922 reso
244 2883 294 2934 est,
312 2889 344 2923 an
364 2888 468 2942 semper
490 2873 613 2942 princeps
631 2890 645 2923 ι
665 2871 771 2924 subdito
789 2871 821 2921 ad
836 2865 917 2922 ttteu
931 2887 992 2921 cou-

168 2963 265 3006 trtctus
284 2956 438 3010 cortorulum
454 2957 481 3007 io
496 2956 553 3010 loro
567 2968 676 3009 esterno
687 2971 767 3024 seque
780 2951 922 3009 eibcaciter
935 2955 992 3024 cogi

167 3040 260 3107 possit,
278 3055 307 3091 ac
325 3040 432 3110 quidem
458 3042 575 3094 subditus
594 3062 607 3093 a
633 3039 766 3110 principer
783 3039 851 3108 quod
870 3037 993 3108 regulati-

170 3134 208 3175 ter
227 3137 341 3194 negatur,
363 3143 417 3178 non
437 3125 471 3178 ob
489 3125 622 3178 deiectum
639 3123 821 3193 obligationis,
844 3125 888 3176 sed
901 3124 934 3179 ob
949 3141 990 3192 po

169 3209 280 3276 teutiam
300 3211 449 3274 debitoris,
468 3212 512 3278 qui
533 3211 588 3280 cogi
617 3211 717 3280 nequit.
736 3207 801 3260 Cum
827 3209 899 3259 enim
924 3208 993 3260 eires

167 3310 195 3346 se
214 3295 270 3361 ejus
289 3293 412 3348 minutati
436 3296 516 3348 semel
537 3295 727 3358 submiserint,
753 3309 806 3344 nou
826 3290 914 3361 potuit
932 3309 992 3345 cnm

167 3377 263 3431 ordine
283 3379 430 3448 imperandi
451 3391 478 3431 et
497 3379 605 3449 putendi
619 3376 762 3430 subsistere
781 3373 932 3429 resistentia
947 3392 992 3427 seu

168 3464 210 3531 jus
229 3465 337 3532 cogendi
357 3464 523 3535 principum
542 3462 661 3533 quamtis
675 3460 771 3530 optimi
787 3459 921 3530 principes
931 3476 990 3528 per·

169 3551 274 3600 minere
292 3549 390 3601 soleant
405 3551 432 3600 in
445 3547 564 3618 propriis
576 3544 712 3598 conveniri
727 3543 914 3602 tribunalibus.
930 3542 994 3594 licet

168 3631 272 3682 exutio
289 3631 363 3700 srqui
383 3649 436 3684 non
456 3631 549 3699 possit,
568 3629 590 3680 si
607 3628 730 3698 princeps
743 3636 836 3698 sponte
850 3626 994 3680 sententiae

94 3781 97 3787 Ι
168 3713 317 3769 satisfacere
334 3716 426 3769 noluit.
445 3714 564 3768 Vitriar.
582 3712 644 3766 inst.
660 3713 715 3779 jur,
736 3723 792 3766 unt.
812 3721 838 3765 ιι
854 3729 916 3781 gen.
931 3712 949 3762 1.
965 3713 992 3764 2·

167 3816 184 3850 c
204 3799 245 3851 11.
258 3819 301 3868 qu.
316 3802 359 3858 ll.
372 3799 476 3852 conier-
491 3797 592 3867 Gulpis.
606 3797 637 3850 in
649 3796 712 3850 uolt.
723 3807 792 3864 gret.
811 3813 903 3850 exerc.
925 3798 950 3848 7.
966 3816 990 3866 p.

169 3883 216 3934 ’18.
231 3881 316 3935 Boecl.
330 3885 391 3934 inst.
403 3883 479 3948 polit.
501 3884 519 3934 1.
532 3883 557 3934 2.
569 3899 590 3934 ι.
604 3882 629 3932 5.
642 3899 670 3948 p.
694 3882 755 3933 197.
776 3879 887 3950 Quando
907 3881 996 3950 iteque

169 3966 262 4019 ι1ι1.ι1ι
282 3972 362 4036 pactis
381 3978 423 4018 aut
440 3981 487 4018 con
500 3967 627 4021 trictibus
645 3983 703 4017 cum
722 3965 842 4018 subditis
860 3964 934 4016 initis
952 3962 994 4014 di·

166 4059 243 4116 cnnt,
261 4050 330 4120 quod
348 4066 426 4118 aeque
445 4045 596 4102 efficaciter
615 4057 642 4102 ut
657 4050 785 4120 priuatus,
804 4049 841 4102 rel
854 4049 941 4117 potius
955 4064 994 4100 ar·

166 4141 237 4190 ctius
255 4153 331 4205 quum
353 4139 484 4204 treiectus,
502 4138 658 4206 obligetur,
683 4137 710 4188 id
731 4135 929 4204 intelligentium
956 4144 995 4188 est

168 4220 314 4274 secuudum
334 4221 536 4276 declarationem
558 4219 686 4274 hactenus
705 4219 802 4270 datam.
823 4216 936 4272 Reucbb.
949 4219 992 4272 cit.

168 4307 190 4358 1.
204 4323 231 4356 n.
245 4304 287 4356 15.
303 4305 436 4370 bndrcoii·
450 4305 494 4358 eit.
508 4307 525 4356 1.
541 4323 569 4357 ιι.
582 4304 606 4356 1.
622 4301 842 4375 seqp.Klocit..de
851 4317 936 4357 contr.
947 4307 994 4358 eit.

167 4390 189 4441 1.
201 4405 228 4440 n.
242 4389 300 4440 153.
317 4389 401 4441 ι1ιιι11.
413 4389 446 4442 de
461 4389 543 4441 benut-
561 4391 606 4440 cit.
619 4389 636 4440 1.
650 4407 677 4440 ιι.
689 4389 715 4440 9.
730 4388 826 4440 Decius
839 4405 912 4442 cons.
926 4391 988 4442 285.

168 4473 237 4524 ιι.7.
251 4471 321 4526 Iloll.
334 4492 347 4522 a
361 4473 528 4524 11ι11ι.ιιιιι.
548 4474 575 4522 1.
596 4491 624 4522 n.
644 4471 687 4524 28.
708 4481 733 4524 ιι
753 4473 794 4523 29.
818 4475 876 4526 Ζιι.
897 4474 947 4528 uel.
967 4475 991 4528 2.

167 4575 245 4612 cons.
262 4558 302 4626 19.
315 4577 341 4610 ιι.
356 4557 381 4614 1.
393 4559 478 4610 ttlue.
500 4557 564 4609 tut.
581 4559 687 4626 Peregr.
706 4556 740 4610 de
750 4558 892 4630 p'urefisct'
906 4559 946 4612 tit.
966 4562 991 4612 3.

167 4643 217 4697 tit.
232 4645 256 4692 1.
270 4659 296 4696 ιι.
309 4643 354 4695 28.
367 4654 392 4696 et
407 4643 451 4696 11.
466 4645 560 4696 Herio.
575 4643 714 4712 7ι11ι1.ιίι
730 4643 952 4698 ιοιι11.17.ιιι1.
967 4642 993 4698 1.

175 4723 328 4804 88111189..

206 4816 230 4872 ς.
249 4811 292 4860 11.
313 4807 408 4861 Eadem
427 4809 543 4864 eliuucie
564 4814 617 4882 jam
635 4829 737 4884 quoque
764 4809 891 4864 tribuitur
911 4807 992 4881 priri-

171 4894 251 4964 legiis
263 4893 298 4946 ob
312 4894 382 4946 bene
395 4907 488 4948 merttu
514 4897 675 4966 impetretis,
687 4913 754 4966 quee
767 4896 857 4950 itidem
876 4897 992 4948 resocsri

1069 1449 1091 1504 ς.
1111 1443 1154 1494 12.
1172 1443 1317 1512 Utrobique
1335 1440 1454 1496 el‘stcacia
1469 1459 1521 1495 uon
1537 1453 1638 1496 tantum
1656 1441 1764 1510 stringit
1780 1440 1857 1510 ipsos

1036 1525 1205 1579 concedentes
1223 1527 1266 1578 sed
1285 1539 1311 1579 et
1324 1543 1500 1592 successores,
1519 1525 1670 1596 etquidem
1696 1544 1748 1578 uun
1768 1526 1854 1578 solitus

1035 1625 1094 1672 eos,
1112 1609 1157 1679 qui
1178 1611 1234 1676 jure
1253 1611 1431 1665 buereditario
1450 1610 1608 1676 succedunt,
1629 1628 1686 1662 nam
1715 1614 1740 1664 bi
1762 1612 1859 1682 absque

1037 1691 1119 1745 dubio
1139 1705 1261 1748 tenentur
1280 1706 1307 1746 nt
1328 1695 1468 1759 hueredes;
1492 1714 1582 1752 rerum
1609 1697 1687 1748 etiem
1709 1696 1787 1759 illos,
1812 1695 1861 1768 qui

1035 1777 1092 1842 jure
1110 1775 1252 1844 singulari,
1272 1780 1312 1832 rel
1332 1781 1452 1852 proprio,
1473 1798 1506 1834 ex
1526 1784 1580 1852 lege
1598 1781 1755 1845 succedunt,
1774 1779 1860 1836 carot.

1037 1860 1129 1930 Tapia.
1148 1861 1186 1913 od
1202 1863 1219 1914 1.
1240 1865 1266 1914 3.
1284 1863 1315 1916 de
1332 1875 1419 1916 const.
1431 1864 1519 1936 princ.
1531 1885 1558 1934 p.
1573 1868 1597 1918 2.
1610 1885 1631 1919 c.
1643 1868 1669 1918 9.
1681 1863 1707 1918 ιι.
1726 1868 1766 1917 ll.
1779 1865 1860 1920 Netts

1036 1941 1081 1994 lib.
1108 1945 1133 1993 1.
1157 1960 1233 1996 cons.
1259 1945 1320 1996 122.
1346 1963 1373 1998 ιι.
1401 1948 1425 2000 3.
1452 1945 1576 2002 Cratetis.
1606 1963 1683 2000 cous.
1705 1947 1768 1998 211.
1787 1965 1815 2000 ιι.
1834 1947 1861 1998 7.

1040 2024 1179 2096 Reiukiug.
1199 2028 1232 2080 de
1251 2031 1344 2098 regim.
1363 2046 1414 2084 see·
1433 2041 1459 2083 ιι
1476 2034 1537 2084 eccl.
1557 2033 1574 2084 l.
1596 2034 1618 2082 1.
1644 2031 1725 2086 class.
1752 2032 1777 2082 3.
1800 2046 1859 2097 cop.

1040 2109 1083 2159 10.
1103 2111 1197 2180 Vultej.
1218 2111 1271 2164 uni.
1292 2113 1317 2166 1.
1335 2131 1408 2165 cons.
1430 2116 1472 2166 18.
1489 2133 1516 2166 n.
1537 2117 1580 2168 81.
1598 2126 1623 2166 ιι
1640 2131 1711 2186 seqq.
1738 2127 1765 2168 et
1785 2132 1862 2170 cous.

1040 2193 1082 2242 17.
1100 2211 1127 2244 ιι.
1146 2195 1190 2245 58.
1209 2194 1379 2266 ttutpecttttt.
1398 2196 1441 2250 eit.
1460 2199 1477 2248 1.
1505 2215 1532 2250 ιι.
1559 2199 1603 2250 51.
1631 2199 1767 2252 bitumen:
1788 2199 1862 2270 quod

1038 2295 1211 2332 successorem
1231 2297 1283 2332 nou
1304 2282 1361 2348 jure
1382 2282 1568 2345 baeretliturio,
1590 2280 1633 2335 sed
1654 2283 1862 2360 propriotsucce·

1039 2364 1143 2416 dentem
1162 2362 1263 2428 attinet,
1284 2364 1328 2416 illc
1349 2382 1401 2418 nou
1421 2382 1526 2434 semper
1545 2381 1578 2418 es
1597 2377 1733 2418 contractu
1747 2379 1862 2420 anteces-

1038 2449 1105 2499 soris
1115 2449 1255 2514 obligetur,
1265 2450 1299 2502 uti
1313 2449 1420 2518 quidem
1440 2450 1473 2515 is,
1487 2451 1531 2520 qui
1545 2453 1603 2520 jure
1617 2451 1792 2508 haereditario
1806 2471 1862 2506 suc·

1039 2536 1123 2584 cedit:
1138 2535 1263 2587 liueultel.
1279 2535 1311 2588 de
1327 2538 1393 2597 prio.
1408 2537 1426 2585 1.
1442 2537 1467 2586 8.
1480 2551 1502 2586 c.
1516 2539 1561 2588 11.
1577 2554 1603 2590 n.
1616 2539 1660 2588 31).
1674 2535 1740 2588 iiam
1755 2539 1799 2588 laic
1811 2556 1863 2592 non

1042 2630 1093 2672 tam
1108 2638 1235 2694 personne
1246 2636 1379 2674 successor
1391 2634 1439 2690 est,
1452 2637 1527 2690 quum
1544 2619 1629 2690 ipsius
1642 2620 1809 2690 diguitatiset
1824 2621 1864 2676 oi·

1040 2701 1104 2756 ficii.
1125 2704 1265 2774 liciokiug.
1282 2705 1325 2758 cit.
1347 2705 1366 2756 1.
1385 2723 1412 2758 n.
1435 2708 1479 2758 18.
1498 2707 1654 2776 Utileque,
1673 2706 1720 2774 qui
1733 2708 1790 2772 jure
1805 2723 1864 2777 pros

1041 2790 1099 2858 prio
1116 2789 1247 2853 succedit,
1264 2789 1297 2840 ed
1316 2789 1379 2844 baec
1395 2791 1535 2860 priuilegia
1560 2807 1612 2844 nou
1633 2791 1777 2846 reuocanda
1794 2791 1863 2844 obli·

1041 2887 1113 2941 getur
1142 2882 1203 2926 ente
1220 2873 1309 2926 omnia
1329 2875 1482 2942 requiritur,
1501 2885 1527 2928 ut
1544 2876 1678 2928 concessio
1701 2876 1759 2930 tulis
1779 2874 1862 2944 priri-

1041 2957 1104 3026 legii
1117 2957 1149 3010 ad
1163 2958 1302 3010 utilitatem
1323 2969 1344 3010 ιι
1364 2957 1520 3026 dignitatem
1540 2959 1606 3028 reip.
1627 2960 1663 3011 sit
1682 2957 1756 3020 lecta,
1772 2959 1863 3012 uelutis

1042 3043 1063 3095 si
1084 3040 1190 3110 pecuniis
1210 3057 1257 3110 pro
1275 3041 1415 3110 priuilegio
1434 3041 1509 3106 data,
1533 3039 1561 3091 io
1587 3041 1705 3096 catirersi
1734 3041 1863 3094 territorii

1042 3125 1184 3179 utilitatem
1199 3126 1223 3178 si
1238 3143 1318 3190 aerem
1330 3126 1351 3177 si
1366 3125 1470 3188 merita,
1494 3133 1606 3194 propter
1619 3141 1684 3192 qucc
1704 3121 1864 3178 beneficium

1042 3224 1205 3271 consenum,
1224 3224 1278 3262 nou
1298 3207 1352 3260 sint
1366 3206 1543 3278 particularius,
1557 3207 1601 3260 sed
1616 3207 1685 3261 uode
1700 3207 1780 3260 totius
1794 3208 1863 3278 reip.

1041 3290 1141 3344 utilitas
1161 3291 1342 3360 promanavit:
1360 3290 1398 3342 sic
1419 3290 1490 3342 enim
1505 3287 1604 3342 iactum
1623 3291 1793 3342 entecesscris
1821 3299 1863 3342 est

1043 3371 1136 3426 lucitus
1156 3373 1328 3438 successoris,
1347 3382 1374 3426 et
1393 3373 1454 3442 quia
1479 3383 1627 3426 antecessor
1653 3374 1755 3426 tutione
1774 3369 1861 3434 olflcii

1042 3458 1183 3520 contraxit,
1203 3457 1291 3510 omnis
1305 3475 1406 3528 qnoque
1419 3457 1463 3526 qui
1477 3456 1526 3510 boc
1544 3453 1664 3510 cilicium
1678 3459 1762 3526 gerit,
1780 3459 1815 3511 etl
1835 3459 1864 3510 ii·

1041 3545 1095 3595 lum
1108 3553 1268 3598 contractum
1282 3542 1438 3594 serrandum
1450 3540 1619 3608 obligabitur.
1635 3541 1782 3592 Brunnem.
1794 3559 1863 3596 con·

1042 3629 1085 3681 sil.
1105 3631 1133 3681 1.
1150 3647 1178 3678 n.
1199 3627 1240 3680 35.
1259 3636 1285 3680 ιι
1303 3642 1377 3697 seqq.
1397 3623 1484 3678 Carol.
1502 3623 1583 3694 'inpia
1596 3627 1639 3676 cit.
1659 3625 1676 3676 l.
1698 3643 1729 3677 n.
1749 3623 1791 3674 12.
1805 3623 1867 3676 Cre·

1042 3720 1120 3764 setta.
1139 3729 1214 3762 cons.
1235 3709 1296 3761 ttt.
1317 3727 1346 3762 n.
1366 3711 1410 3761 17.
1431 3707 1629 3774 11ι1ιι11ιιμὶι.
1643 3707 1661 3760 1.
1676 3725 1704 3758 n.
1723 3707 1767 3762 25.
1781 3706 1868 3760 Eaten-

1041 3795 1092 3846 ltel.
1111 3793 1153 3846 cit.
1172 3795 1190 3846 1.
1210 3811 1234 3844 n.
1255 3794 1297 3844 38.
1319 3792 1432 3844 Possunt
1450 3790 1494 3842 hie
1511 3793 1617 3859 optimc
1634 3791 1762 3860 appliciti
1787 3795 1864 3846 rerba

1043 3876 1165 3944 Gregorii
1188 3875 1276 3944 tingui
1296 3872 1325 3926 in
1344 3891 1367 3926 c.
1388 3872 1413 3924 1.
1430 3889 1453 3924 e.
1475 3872 1517 3923 15.
1536 3883 1640 3941 quaest.
1664 3877 1687 3924 1.
1707 3872 1751 3924 ubi
1769 3875 1821 3927 ait:
1839 3875 1867 3928 si

1042 3979 1075 4016 en
1095 3961 1255 4012 destruerem
1281 3978 1352 4030 quoe
1369 3967 1555 4010 antecessores
1580 3954 1670 4008 nostri
1693 3965 1868 4021 statuerunt,

1042 4063 1099 4098 non
1117 4053 1286 4099 constructor
1306 4041 1356 4095 sed
1372 4042 1521 4103 destructor
1537 4059 1594 4096 etse
1609 4044 1682 4111 juste
1706 4042 1869 4108 comprobo·

1043 4146 1093 4184 rer.
1113 4129 1200 4198 Neque
1221 4129 1285 4180 heec
1302 4127 1435 4188 conclusio
1448 4126 1590 4194 singultatis
1603 4139 1647 4180 est
1661 4127 1689 4179 iu
1704 4125 1752 4179 bae
1764 4135 1866 4178 tautum

1042 4214 1074 4266 ale
1093 4233 1144 4267 uota
1165 4213 1315 4268 revocandis
1342 4211 1493 4280 hujusmodi
1520 4212 1667 4281 privilegiis
1685 4211 1865 4278 obligatione,

1042 4297 1087 4351 sed
1105 4315 1164 4349 cum
1183 4295 1300 4366 generali
1318 4294 1451 4364 aequitate
1469 4294 1583 4360 nitetur,
1596 4293 1675 4348 etiam
1691 4292 1719 4344 iu
1730 4291 1789 4344 aliis
1801 4291 1868 4345 obli·

1042 4383 1190 4456 gatiouibus
1211 4382 1235 4433 vi
1254 4379 1350 4446 cilicii,
1369 4383 1395 4434 b.
1417 4399 1439 4434 e.
1454 4381 1482 4433 in
1497 4381 1636 4437 utilitatem
1650 4379 1723 4447 regni
1739 4379 1778 4432 rel
1793 4380 1866 4448 prin·

1042 4470 1142 4542 cipatus
1160 4467 1313 4522 constitutis
1332 4468 1415 4519 locum
1443 4465 1528 4516 hebet.
1550 4464 1596 4516 Sic
1624 4465 1711 4532 itaque
1734 4481 1866 4516 successor

1042 4551 1071 4605 io
1090 4552 1249 4622 epismpatu,
1267 4551 1310 4618 qui
1334 4547 1428 4600 itidem
1448 4548 1504 4614 jure
1525 4547 1631 4616 propriu
1651 4545 1776 4608 succedit,
1797 4557 1867 4598 tene-

1042 4645 1086 4689 tur
1104 4637 1203 4690 solvere
1220 4634 1307 4686 debita
1328 4631 1363 4686 ob
1382 4632 1525 4685 utilitatem
1545 4631 1668 4684 ecciesiae
1687 4649 1701 4682 ι
1721 4629 1866 4696 praedeces·

1042 4739 1102 4776 scre
1119 4727 1258 4780 contracta,
1276 4733 1336 4770 cum
1357 4717 1420 4769 baec
1439 4732 1492 4768 noo
1513 4715 1614 4784 possint
1631 4712 1684 4763 dici
1703 4711 1792 4762 debita
1806 4711 1865 4779 epi·

1042 4808 1125 4876 scopi,
1145 4805 1190 4858 sed
1208 4802 1340 4858 ectlest'ee.
1361 4819 1382 4854 c.
1404 4802 1429 4851 1.
1447 4817 1477 4852 se.
1495 4799 1528 4852 de
1545 4798 1625 4851 solut.
1645 4797 1716 4848 Pete.
1732 4793 1809 4846 Peck.
1828 4791 1863 4849 de

1042 4891 1134 4942 mles.
1152 4884 1236 4954 aedifi
1254 4904 1277 4938 c.
1296 4886 1338 4936 19.
1358 4883 1406 4942 Sic
1425 4883 1503 4937 etiam
1521 4881 1568 4934 elii
1589 4887 1743 4932 contrectes
1759 4893 1792 4929 ex
1812 4877 1865 4929 nti·

171 4997 227 5033 non
244 4989 365 5047 possunt:
376 4982 446 5050 qimi
459 4979 524 5032 ..ιιι
534 4992 691 5046 serum'eet,
704 4992 734 5034 ut
755 4981 890 5034 neminem
911 4981 945 5033 ue
961 4997 992 5033 eo
1041 4971 1114 5024 litate
1132 4971 1256 5024 ecclesiae
1276 4967 1337 5020 lacti
1356 4967 1503 5022 subsistunt
1516 4975 1542 5019 et
1555 4985 1568 5016 a
1582 4979 1731 5018 successore
1743 4960 1866 5015 serrmdi

169 5062 375 5118 dissentientem
390 5064 488 5117 vidisse
498 5075 608 5118 testetur
619 5065 790 5134 blurqnurdua
806 5065 839 5118 tle
849 5064 901 5133 ius.
913 5081 991 5118 asera,
1043 5069 1121 5118 sunt,
1140 5065 1217 5125 prout
1234 5055 1286 5106 lete
1305 5053 1353 5106 boc
1371 5051 1479 5104 deducit
1491 5050 1636 5102 cardimlis
1650 5047 1764 5100 biturice
1778 5047 1805 5098 in
1816 5063 1865 5100 uo·

174 5148 193 5200 1.
208 5149 268 5199 l.c.
282 5147 309 5199 8.
324 5167 351 5199 ιι.
365 5148 410 5200 38.
420 5147 481 5216 quic
494 5149 533 5200 ris
545 5149 694 5215 hujusmodi
709 5147 841 5216 privilegii
857 5156 929 5200 teuta
942 5159 991 5212 est,
1041 5140 1236 5194 118118ιό101·
1255 5139 1287 5188 ‘¹⁶
1311 5136 1385 5190 ‘⁰⁶⁸⁰‘-
1411 5145 1438 5188 0‘
1462 5135 1564 5206 1111113·
1589 5142 1715 5188 coum!-
1738 5130 1865 5200 Equidem

171 5241 200 5284 ιιι
211 5231 395 5302 sequiparetur
406 5233 555 5284 contractui
571 5231 625 5284 imo
639 5243 752 5284 transeut
777 5233 803 5284 in
826 5233 912 5301 ipsum
933 5248 992 5284 con·
1044 5228 1126 5280 solent
1145 5226 1183 5284 lei,
1199 5224 1245 5295 qui
1266 5223 1316 5276 tale
1332 5222 1500 5292 priuilegium
1515 5219 1663 5288 possident,
1684 5212 1864 5271 confirmatio-

172 5313 991 5370 tractumlrentiu.inc.1.cel.2deconstit.inilia·
1045 5329 1104 5364 nem
1123 5331 1136 5362 a
1155 5308 1277 5376 principe
1295 5321 1443 5360 successore
1462 5316 1563 5372 peteres
1582 5301 1628 5356 sed
1657 5303 1721 5354 baec
1748 5300 1866 5354 melioris

171 5399 253 5454 briei.
266 5401 378 5454 Roman·
391 5400 409 5449 1.
425 5401 450 5452 3.
462 5399 548 5452 conci.
568 5400 594 5451 3.
608 5415 636 5449 n.
651 5399 676 5450 7.
690 5397 748 5451 but.
770 5401 841 5454 Pete.
862 5399 895 5452 de
918 5399 992 5452 Petra
1043 5396 1192 5448 securitatis
1204 5393 1287 5461 gretia
1299 5393 1363 5444 solet
1377 5389 1521 5459 postulari,
1542 5394 1694 5440 uouentem
1717 5385 1866 5438 necessaria

171 5482 274 5554 dejur.
287 5498 377 5552 gisnes.
388 5501 437 5552 per
445 5484 531 5553 princ.
547 5498 604 5534 non
619 5481 677 5534 toll.
688 5497 710 5534 c·
725 5481 767 5534 21.
781 5502 808 5536 ιι.
825 5483 887 5536 258.
908 5486 992 5553 liugn,
1043 5490 1088 5530 est.
1103 5477 1222 5530 Raucbb.
1235 5477 1280 5532 cit.
1291 5476 1309 5526 1.
1323 5491 1348 5526 n.
1363 5473 1408 5522 75.

170 5567 412 5636 stutuuengut.
425 5569 442 5620 l.
458 5567 557 5620 1.ι.8.
571 5568 661 5620 utu.
681 5567 733 5620 Tb.
756 5568 992 5623 Grumum&-
1079 5563 1164 5626 §.tt
1191 5558 1416 5630 Qtteumdmodum
1444 5571 1504 5609 rem
1529 5567 1583 5610 tum
1611 5554 1667 5625 ipsa
1687 5552 1866 5617 benemerita,

169 5647 341 5722 cis-neopol.
354 5653 396 5706 85.
410 5671 436 5706 ιι
454 5652 497 5706 23.
513 5651 607 5720 tutuj.
621 5650 677 5706 coi.
691 5652 716 5706 3.
735 5667 810 5710 mres.
827 5653 869 5706 19.
882 5670 910 5708 ιι.
931 5653 992 5708 128.
1045 5638 1101 5706 ium
1120 5647 1249 5722 pretium,
1267 5643 1395 5700 udelini
1413 5642 1597 5714 quitl,ricen
1616 5642 1695 5715 pretii
1713 5639 1861 5704 obtinens,
