4464 6206
256 255 309 309 ent
601 245 649 300 DE
667 246 802 304 REMED.
820 244 917 302 clttss.
935 247 1086 304 vuttttttt.
1105 245 1269 304 PROPTER
1291 247 1407 307 ttttss.
1425 268 1487 310 erc.
1784 255 1838 310 ddi
1944 315 1950 328 ,

201 348 383 419 exceptionem
403 343 578 400 excussionis.
594 342 649 396 Nec
667 342 785 412 praecise
811 343 864 394 erit
890 343 1022 397 dilatoria·
1073 346 1237 408 exhibuerat,
1257 347 1322 398 satis
1336 365 1405 400 nunc
1418 349 1471 402 sibi
1490 348 1560 404 siens
1579 348 1688 418 iecisse,
1706 368 1765 406 eum
1779 365 1890 420 constet,

202 450 261 486 rum
279 431 423 500 oppositio,
444 432 467 481 si
488 430 516 480 in
536 427 666 479 sententie
685 423 850 478 antecedenti
870 435 969 478 tautum
985 443 1023 479 re·
1072 431 1094 482 ai
1113 431 1172 498 quis
1191 432 1330 499 scripserit
1341 451 1369 486 se
1383 432 1555 502 fidejussisse,
1569 437 1651 490 sideri
1664 437 1754 491 omnia
1769 441 1893 491 solemni·

201 516 317 585 sponsio,
335 512 394 564 eicit
410 512 592 571 et'neulusten,
612 505 671 563 und
685 527 717 562 att
736 517 909 572 untwcrten,
926 525 973 561 nec
991 509 1022 560 si·
1074 524 1112 564 ter
1131 525 1184 564 acte
1204 513 1289 582 §.fiis
1302 517 1319 568 i.
1334 517 1497 588 defidep'usr.
1518 519 1536 572 l.
1553 521 1597 572 tto.
1608 517 1649 586 ff.
1670 522 1703 574 de
1720 523 1792 575 verb.
1809 524 1890 594 oblig.

202 597 258 652 mul
277 596 334 648 litis
351 593 515 656 contestatio,
534 607 658 659 expresse
678 586 1023 659 injuncteinerit,percla·
1073 597 1261 666 possessionem
1280 603 1336 667 ejus
1355 602 1534 655 immobilium
1561 605 1641 654 simul
1668 604 1731 655 estis
1753 603 1892 672 docuerat,

205 693 262 731 ram
281 679 361 732 dect'r·
374 679 447 730 elect.
466 691 529 728 rete.
549 673 591 724 tt.
610 671 663 741 Qui
684 681 769 724 textus
788 671 851 724 licet
870 671 902 724 de
919 673 974 725 aulo
987 691 1024 724 ua-
1073 697 1117 732 reo
1139 682 1217 734 etiam
1240 683 1301 735 baec
1318 683 1386 736 t‘ecta
1405 701 1479 750 etse,
1499 685 1578 752 iudex
1596 681 1789 752 notificarent,
1802 693 1894 742 admo·

203 779 235 816 en
253 763 382 832 loquatur,
401 762 444 812 ubi
464 769 555 812 contre
574 774 656 820 reum,
669 756 715 826 qui
735 755 811 826 piune
828 757 952 822 emansit,
966 775 1022 826 pru·
1074 763 1131 814 nito
1151 763 1241 829 simul,
1260 767 1324 837 quid
1344 765 1402 818 lieri
1422 769 1484 822 relit
1501 769 1534 820 de
1553 772 1703 836 iuremento
1723 787 1800 840 super
1819 787 1895 840 parte

207 848 361 902 nunciatum
380 854 430 909 est,
448 841 630 896 extendendus
649 854 734 892 tamen
754 841 929 894 nibilominus
943 844 1022 894 etiam
1073 845 1156 898 libelli
1176 848 1322 914 adjudicato
1341 852 1459 904 nuntium
1478 854 1610 920 praestito.
1627 856 1695 908 liene
1708 852 1740 906 ed
1755 856 1896 920 iurandum

206 940 249 984 eat
265 931 297 983 etl
317 947 438 992 cauum,
457 928 502 978 ubi
522 935 715 994 comparuerat,
733 923 778 975 eet
797 924 873 976 litem
885 924 1025 977 curttestari
1074 938 1161 982 temen
1180 946 1237 982 sese
1256 931 1372 985 nondum
1390 933 1534 999 oilerebat,
1560 951 1607 986 nec
1631 943 1704 998 erat,
1730 953 1782 1005 quo
1807 955 1834 989 ae
1853 955 1897 990 ete·¹

206 1015 324 1067 noluerat
340 1029 408 1070 rens,
427 1011 535 1063 docente
553 1009 599 1060 dn.
623 1007 649 1058 tl.
673 1007 734 1061 tots.
760 1007 886 1060 lleinricc
912 1006 1026 1077 Berqero
1072 1023 1188 1078 cnseret,
1208 1031 1285 1082 qnam
1304 1016 1372 1083 quod
1391 1016 1589 1068 satisdationem
1610 1015 1669 1068 ideo
1695 1017 1809 1071 nondum
1830 1026 1895 1076 setis

206 1097 238 1150 irs
254 1098 329 1149 elect.
344 1113 421 1162 proc.
439 1103 543 1146 recent.
561 1093 599 1144 tii.
618 1091 662 1144 tt.
677 1110 705 1159 p.
724 1110 761 1145 m.
780 1093 825 1143 30.
840 1093 975 1146 Praeterea
990 1111 1025 1146 re·
1073 1112 1130 1148 esse
1148 1101 1297 1166 praestitam
1316 1099 1481 1166 excipiebat,
1499 1099 1567 1168 quod
1587 1101 1710 1168 ignoret,
1730 1118 1763 1154 an
1789 1097 1898 1172 fidejus·

207 1179 356 1234 medebitur
371 1178 451 1230 etium
471 1192 530 1230 reus
548 1192 647 1239 nauem,
665 1176 689 1226 ei
702 1176 855 1228 leuterandu
866 1189 956 1230 contra
968 1193 1025 1230 sen·
1074 1197 1117 1232 sor
1135 1182 1208 1249 ipsc,
1228 1183 1339 1252 anquis
1357 1184 1440 1247 alius,
1457 1185 1604 1236 emtionem
1622 1183 1768 1240 exhibitam
1789 1189 1898 1258 scripse-

206 1263 327 1326 tentiam,
346 1278 410 1330 quse
430 1261 487 1311 litia
504 1260 717 1312 contestationem
738 1253 797 1311 fieri
817 1261 910 1326 jussit,
937 1259 1030 1312 dilato·
1074 1263 1126 1313 rit.
1156 1265 1382 1318 Pronunciabatur
1409 1268 1442 1318 eb
1468 1266 1562 1318 iisdem
1590 1267 1711 1319 Sculiinie
1737 1286 1772 1321 m.
1800 1275 1897 1326 martio

208 1347 262 1398 rias
279 1345 363 1398 adbuc
382 1355 480 1412 urgeat.
498 1342 529 1396 ld
548 1345 619 1394 enim
632 1360 691 1395 cum
703 1340 797 1420 ellectu¹
810 1341 868 1394 beri
884 1360 957 1412 posse
970 1361 1026 1412 pro·

211 1429 253 1482 bat
272 1425 370 1480 Beued.
390 1427 481 1495 Carpe.
500 1443 528 1490 p.
550 1427 573 1474 l.
591 1435 678 1476 const.
698 1425 723 1476 ³.
741 1423 797 1492 des.
815 1425 842 1476 8.
859 1425 912 1476 Ubi
931 1427 1027 1476 catnele

208 1511 289 1563 simul
306 1510 453 1563 suttctauda
466 1518 521 1561 erat
534 1507 749 1560 excellentissimi
763 1509 857 1578 Quint.
871 1509 945 1578 Sept.
956 1509 1027 1562 Flcr.

210 1593 303 1649 Ittetni
322 1596 353 1646 t're
377 1610 449 1660 spec·
468 1603 569 1664 except.
578 1589 642 1660 ster.
661 1612 685 1646 c·
704 1593 747 1644 Ὦ.
765 1611 793 1643 tr.
812 1594 837 1643 8.
857 1603 886 1644 ut
906 1610 965 1646 reus
985 1611 1028 1644 ue·

208 1679 289 1748 pliqet
306 1676 460 1747 quandoque
479 1679 524 1730 bas
543 1676 712 1745 exceptiones
731 1675 758 1728 in
774 1676 888 1729 termino
898 1715 906 1740 ,
926 1685 955 1728 nt
972 1693 1030 1745 gre·

210 1777 302 1815 samen
321 1761 430 1825 alicujus
449 1760 630 1814 leutetatt'onis
649 1777 679 1812 eo
698 1763 775 1814 tutius
793 1762 891 1814 exinde
908 1760 959 1812 sibi
974 1762 1017 1830 pol

211 1844 286 1896 liceri
306 1844 399 1914 poerit.
418 1843 500 1906 Adde,
520 1845 589 1913 qnod
609 1845 636 1894 lu
652 1843 739 1912 specie
757 1844 955 1897 satisdationem
969 1863 1030 1898 uota-

211 1927 274 1980 dum
294 1929 442 1996 praestitam
461 1926 602 1979 obtinendi
626 1944 690 1980 nora
709 1927 825 1980 rediture
853 1929 886 1982 eit
911 1929 1028 1994 occasio,

211 2014 234 2066 si
253 2013 282 2064 ltt
303 2014 418 2064 termino
435 2012 600 2064 executionis
619 2014 734 2083 depones
753 2014 908 2078 indicatum,
933 2011 1030 2068 offeras

211 2097 292 2151 simul
311 2099 522 2150 reconventiuuie
539 2098 677 2162 libellnnt,
695 2107 723 2151 et
742 2101 911 2168 protesteris,
931 2115 964 2151 ne
982 2115 1028 2166 rx·

212 2184 325 2236 sciretur
342 2182 424 2234 actori
444 2193 518 2234 extra
537 2181 699 2235 territorium
718 2181 823 2249 degenti
843 2180 881 2234 rel
901 2197 952 2234 nnn
973 2199 1030 2251 pos-

211 2266 363 2326 sessionstc,
381 2264 535 2334 priusquam
553 2267 700 2318 cautionem
715 2264 747 2316 de
761 2265 885 2318 solrendo
899 2264 927 2317 iu
942 2282 1028 2319 casum

212 2345 419 2401 succumbentine
439 2347 613 2414 praestiterit,
639 2349 712 2413 juxta
729 2364 756 2399 c.
773 2365 801 2414 p.
825 2365 883 2400 snm.
903 2351 943 2400 tt't.
962 2351 988 2402 n.
1006 2351 1030 2414 §.

211 2433 252 2486 Es
268 2447 356 2486 waere
372 2428 446 2483 deren
463 2440 511 2483 etc.
530 2447 557 2483 ο.
573 2447 601 2501 p·
620 2428 711 2498 magd.
737 2427 763 2484 d.
785 2447 860 2484 anno
881 2431 960 2484 1686.
988 2432 1030 2485 tit.

215 2516 334 2577 tnta

246 2607 269 2664 ς.
287 2601 330 2653 20.
350 2598 509 2652 Praesertim
529 2615 589 2654 serc
611 2597 694 2668 quoad
716 2600 906 2671 peremptorias
932 2605 1032 2659 eximie

214 2685 381 2737 snbseuietur
400 2683 454 2748 isti,
471 2683 516 2752 qui
536 2685 691 2752 exceptione
709 2685 806 2738 omissa
826 2685 859 2736 de
876 2684 958 2736 salute
970 2705 1028 2738 cen·

215 2785 258 2823 sae
275 2768 459 2838 periclitetur,
479 2769 502 2818 si
527 2767 642 2833 reperiet
660 2767 700 2818 illi
721 2765 836 2821 noctium
857 2783 913 2819 este
931 2769 1031 2822 satisfa-

213 2861 294 2914 ctum,
311 2850 379 2919 quod
399 2849 481 2902 actori
500 2850 646 2916 injunctum
665 2861 706 2904 eet
722 2852 790 2902 circa
805 2852 970 2921 exceptiones
988 2853 1029 2906 di-

213 2936 325 3000 latories,
344 2952 365 2987 e.
384 2951 407 3004 q.
427 2934 583 2988 restituendi
604 2936 701 3004 spolii,
726 2937 962 3004 illegitimstionis,
989 2941 1031 2992 rel

213 3019 284 3073 eirca
306 3019 356 3071 alia
384 3028 478 3089 puncta
504 3018 721 3088 praejutlicinlie,
746 3019 841 3087 quibus
867 3025 1030 3090 praestandis

214 3106 289 3173 prior
307 3105 434 3157 sententia
452 3104 606 3172 perticulam
624 3099 792 3168 ctfirderrt,
811 3107 866 3156 aire
884 3124 934 3157 vor
953 3101 1029 3161 allen¹

214 3189 333 3260 Diogen,
350 3185 462 3240 eddidit.
484 3185 520 3237 Eo
532 3187 604 3237 enim
616 3201 697 3254 usque
708 3204 752 3238 reo
766 3189 865 3240 nullum
881 3189 960 3244 iatale
973 3209 1030 3244 cur-

216 3289 283 3337 rere,
302 3289 336 3324 ex
353 3290 383 3325 eo
403 3282 457 3324 tuto
474 3271 628 3334 inserimus,
653 3272 722 3338 quod
742 3289 789 3324 nee
805 3275 886 3326 actori
907 3275 959 3345 ipsi
980 3287 1029 3328 ter·

214 3357 315 3409 mittum
335 3355 513 3425 probetorium
532 3371 637 3407 currere
663 3356 708 3408 illo
728 3355 754 3406 in
774 3371 834 3408 casu
852 3372 950 3411 asseret
970 3363 1030 3414 ord.

211 3458 238 3511 p.
250 3441 325 3495 elect.
339 3457 402 3494 atae.
416 3440 456 3492 tit.
469 3439 495 3490 9.
507 3447 529 3503 t.
544 3441 582 3490 Es
591 3441 718 3492 solinier
727 3453 776 3492 etc.
789 3439 844 3493 Nec
854 3444 929 3510 prins
942 3444 1029 3498 etlser·

214 3523 284 3576 serio
303 3538 408 3577 enitent
427 3522 524 3586 fatalis,
539 3541 615 3590 qnam
630 3541 643 3573 e
657 3523 701 3575 die
714 3523 860 3576 insinuatae
874 3521 1029 3578 notificatio·

1078 1346 1156 1397 ¹7⁰0.
1173 1348 1274 1402 Wiirde
1286 1350 1334 1402 der·
1345 1351 1514 1420 angegedrne
1533 1350 1623 1420 Bs'trge
1640 1349 1697 1402 siclt
1717 1371 1750 1404 au
1771 1352 1829 1406 dem
1837 1353 1898 1422 fil.

1079 1431 1139 1482 1⁰5.
1164 1430 1346 1503 besttrtilidten
1371 1433 1609 1487 Continet-Sedecim
1628 1433 1784 1503 gericlttliclt
1803 1438 1901 1493 teleos

1077 1533 1145 1578 neta,
1170 1517 1314 1569 immueseu
1339 1517 1493 1588 ausdrderst
1518 1517 1593 1588 br'llr'p
1615 1519 1778 1588 peredieltet,
1803 1539 1833 1573 rc
1853 1523 1901 1576 itur

1079 1595 1123 1650 ttt.
1148 1598 1198 1650 dett
1222 1598 1395 1670 gtfisrderten
1414 1603 1553 1654 Vorstend
1568 1607 1618 1655 der
1641 1603 1819 1674 ntederttoge
1844 1604 1903 1659 und

1067 1719 1069 1726 ‹
1081 1680 1220 1736 Undosten
1232 1684 1328 1736 ltalber
1340 1701 1388 1738 nter
1400 1679 1563 1752 thltdutfft
1583 1685 1715 1750 testettet,
1728 1687 1771 1739 tlt'e
1782 1705 1838 1740 vett
1851 1691 1900 1743 rel·

1078 1763 1155 1830 digere
1171 1765 1358 1833 cingedtnclrte
1378 1767 1580 1834 Ungelrnreumr
1596 1768 1811 1840 Beselattldt'pung
1835 1773 1902 1824 aber

1078 1850 1148 1902 nord
1160 1867 1208 1902 eur
1221 1852 1281 1903 Zeta
1297 1853 1425 1920 gestnlten
1444 1852 1547 1908 Sttcltett
1567 1855 1639 1906 nacla
1657 1857 1731 1908 ret'cltt
1753 1867 1822 1908 tttttt.
1849 1858 1903 1910 lle·

1077 1946 1231 2000 cognoverat
1249 1935 1398 1988 petitionem
1419 1932 1555 2004 fidejussor
1569 1954 1616 2006 per
1630 1937 1821 1992 mandatarium
1838 1957 1901 2012 epe·

1077 2016 1178 2068 cialiter
1195 2017 1226 2068 ed
1247 2018 1294 2069 boc
1321 2020 1513 2086 legitimatutn,
1540 2019 1624 2088 edqne
1648 2024 1830 2087 praestandum
1857 2041 1902 2075 no-

1078 2117 1136 2151 rum
1157 2101 1332 2164 juramentum
1352 2117 1431 2170 super
1450 2101 1644 2170 reprobatione,
1663 2119 1694 2154 ex
1714 2113 1789 2172 perte
1802 2105 1852 2156 sibi
1866 2121 1901 2157 ex

1078 2190 1152 2249 parte
1171 2199 1230 2244 reo,
1257 2183 1370 2236 delatum
1390 2194 1416 2234 ct
1443 2186 1566 2250 relatum,
1586 2186 1644 2252 ipse
1663 2197 1732 2238 actor
1757 2191 1901 2242 terminum

1078 2266 1278 2332 impetrassent,
1297 2281 1357 2320 curn
1377 2263 1557 2320 notificatione
1584 2265 1667 2321 lectae
1691 2271 1899 2338 recognitionise

1078 2364 1143 2398 nore
1163 2359 1248 2400 tamen
1268 2349 1318 2401 lite
1336 2370 1350 2402 a
1370 2366 1415 2404 reo
1436 2351 1463 2403 itt
1492 2353 1608 2404 termino
1633 2364 1698 2405 mota
1725 2353 1796 2404 inimi
1825 2356 1901 2420 satis,

1077 2448 1108 2482 en
1134 2433 1183 2484 ista
1214 2435 1360 2501 recognitio
1384 2451 1431 2502 per
1459 2448 1652 2505 procuratorem
1679 2433 1738 2488 lieri
1769 2441 1902 2507 potnerit,

1078 2514 1174 2568 iterum
1195 2519 1322 2570 cententio
1342 2519 1509 2573 scabinorum
1523 2519 1694 2589 sequebatur:
1716 2523 1901 2590 Dasepestei-

1077 2609 1122 2652 ten
1141 2600 1247 2653 Soudeta
1267 2603 1353 2672 nacla,
1379 2602 1539 2672 heyderrct'ta
1558 2603 1743 2673 ringedracltte
1762 2609 1902 2674 (lugeber-

1080 2683 1378 2756 scme-Beecltnldigung
1394 2687 1467 2738 nicht
1488 2697 1552 2738 stntt
1572 2689 1633 2752 leet,
1659 2689 1775 2740 eundern
1794 2707 1821 2740 er
1839 2689 1905 2742 rint!

1077 2765 1155 2818 Beki.
1172 2768 1361 2836 Principalen,
1379 2773 1439 2822 svet'l
1457 2769 1514 2823 ttts.
1531 2771 1635 2824 Carent
1652 2771 1736 2824 durclr
1754 2774 1831 2824 et'ttett
1857 2772 1901 2824 in·

1078 2847 1232 2904 sonderdeit
1246 2851 1459 2904 liewiertettten
1479 2854 1682 2908 nentrdatnrt'tem
1703 2853 1758 2906 st'clt
1783 2873 1815 2906 eta
1840 2853 1902 2908 dens

1080 2931 1201 3002 dtsffulls
1215 2936 1419 3003 ansgestelleten
1440 2936 1672 2991 cantion-setteis
1692 2940 1844 2991 ttunmeltro
1860 2940 1903 2994 de·

1078 3017 1176 3080 tarint,
1190 3037 1223 3072 xtt
1237 3019 1374 3072 rotomo
1388 3019 1521 3090 tcdnldip.

1116 3101 1138 3165 ς.
1157 3099 1201 3150 22.
1220 3101 1401 3153 Memorabilis
1426 3101 1492 3154 banc
1520 3103 1549 3154 iu
1576 3120 1631 3156 rem
1654 3120 1728 3158 cesns
1745 3116 1799 3171 est,
1822 3123 1903 3176 quem

1077 3200 1146 3236 nuuc
1164 3187 1305 3255 praeterito
1325 3189 1353 3238 in
1381 3185 1479 3250 indicio
1504 3191 1658 3240 mercatorio
1687 3189 1807 3258 lipsiensi
1835 3207 1901 3242 con-

1080 3269 1170 3337 tigisse
1189 3269 1256 3320 milti
1276 3271 1385 3323 relatum
1405 3281 1452 3322 est.
1469 3273 1707 3325 Pronunciererant
1728 3275 1773 3325 dni
1790 3277 1895 3328 scabini

1078 3356 1138 3424 lips.
1157 3356 1184 3408 in
1209 3371 1283 3406 censa
1301 3356 1318 3407 l.
1343 3355 1450 3407 Berntle
1472 3357 1614 3408 contrad.
1643 3359 1675 3411 ll.
1702 3367 1817 3411 actorem
1840 3371 1901 3412 ante

1079 3439 1168 3492 omnia
1187 3439 1284 3492 ectinni
1310 3439 1343 3490 de
1367 3441 1458 3492 eadem
1484 3457 1514 3494 re
1538 3458 1624 3492 noram
1649 3444 1721 3494 cteris
1747 3445 1902 3513 provincieli

1080 3523 1197 3577 instituta
1218 3523 1386 3587 reuttnciere,
1405 3540 1500 3592 reoque
1520 3540 1649 3592 expensas
1668 3523 1695 3576 iu
1712 3526 1757 3578 ine
1772 3528 1900 3580 instantia

213 3606 255 3658 nis
273 3626 288 3660 a
306 3607 396 3674 jndice
422 3605 613 3673 impetrandae.
638 3605 742 3657 Ceutela
762 3606 825 3658 inde
844 3606 958 3675 insignis
983 3614 1034 3665 erit
1081 3605 1160 3656 inctus
1180 3607 1315 3659 restituere
1333 3605 1445 3671 debere,
1464 3609 1580 3674 injuncta
1600 3607 1679 3658 timul
1694 3608 1846 3674 probatione
1859 3612 1901 3660 in-

214 3709 261 3760 prc
278 3691 398 3747 edaocetc
415 3692 527 3743 celerem
547 3705 638 3742 crusec
655 3685 736 3741 finem
755 3699 884 3756 optante,
905 3710 938 3744 ne
957 3691 1033 3748 tacit.
1081 3687 1210 3737 teutiuuia
1230 3703 1298 3736 suae.
1319 3685 1448 3739 Neutrum
1463 3704 1520 3740 curu
1536 3686 1639 3740 lecisset
1656 3693 1745 3748 ector,
1761 3705 1821 3740 reue
1840 3699 1901 3756 post

213 3785 339 3836 castretur,
355 3773 459 3825 relsibi
475 3773 1032 3843 seledsereuriotelequidituponi,prsa.
1081 3768 1145 3821 duos
1164 3769 1265 3838 clupeos
1285 3784 1386 3822 meuses
1412 3786 1471 3820 euru
1498 3768 1657 3821 desertionis
1676 3774 1817 3823 accusabat.
1842 3775 1901 3834 Ast,

214 3855 307 3908 sertim
327 3873 387 3907 rero
406 3871 453 3924 pro
472 3867 574 3920 actore,
594 3862 699 3907 utente
726 3856 884 3906 sententiam
903 3855 1031 3921 satisdet,
1080 3870 1138 3904 cum
1157 3863 1230 3904 ector
1249 3853 1402 3921 replearet,
1427 3853 1542 3906 nondum
1568 3870 1617 3923 pro
1640 3859 1787 3906 contumaci
1813 3873 1840 3908 se
1858 3857 1902 3908 bi·

215 3952 239 3992 et
257 3939 413 4006 guarandum
434 3949 558 4006 praestet.
576 3937 653 4008 Quod
680 3937 700 3989 si
722 3938 868 4003 iniunctum
893 3939 956 4005 quid
976 3956 1033 3992 esse
1080 3933 1195 3986 bendum
1214 3953 1285 3996 esse,
1306 3935 1514 4006 edetipnieltetur
1534 3937 1577 3988 isti
1601 3939 1730 3988 ”utentia
1754 3938 1800 3988 dn.
1820 3940 1902 3992 scabi-

215 4021 346 4082 ridetint,
365 4030 436 4073 ector
454 4022 523 4074 ultro
541 4021 655 4088 iudicato
673 4021 735 4073 eatis
754 4018 851 4084 iaciat,
871 4037 930 4074 reus
943 4023 982 4084 ius
999 4041 1031 4076 ex
1081 4035 1173 4072 ttotutu
1192 4019 1305 4086 desuper
1321 4021 1458 4088 publicata.
1474 4021 1530 4071 l’ost
1542 4020 1641 4087 aliquot
1656 4021 1828 4074 hebdomades
1843 4041 1901 4078 reue

216 4108 262 4160 tali
278 4106 404 4159 sententie
419 4104 562 4175 quaesitum
580 4104 703 4173 negliget,
714 4106 814 4174 quippe
826 4121 876 4172 qno
890 4107 1032 4173 ipsoomne
1080 4101 1166 4153 denuo
1180 4115 1294 4156 actorem
1316 4103 1472 4156 desertionis
1485 4103 1618 4170 arguebat,
1639 4103 1718 4171 inque
1737 4107 1848 4159 terminu
1867 4111 1901 4160 ad

213 4188 291 4241 latnie
305 4189 427 4240 belsemis
439 4187 583 4256 pericnlum
597 4203 705 4239 securus
719 4189 838 4239 enitebit.
853 4188 924 4255 Ques
936 4199 960 4238 et
973 4203 1032 4239 cau·
1078 4180 1266 4250 disputandum
1282 4193 1378 4234 statuto
1391 4183 1506 4248 graviter
1517 4184 1674 4251 querebatur
1686 4185 1717 4234 dc
1732 4189 1901 4252 protractione

213 4271 453 4325 telaeootumendet
467 4273 561 4322 iterum
577 4270 667 4322 excell.
682 4270 708 4321 ti.
724 4271 834 4323 lliritsus
847 4269 875 4322 in
889 4287 970 4337 euprn
983 4272 1027 4324 eit.
1080 4265 1137 4316 litia
1158 4275 1209 4316 taut
1229 4265 1330 4318 l'rirole.
1353 4269 1387 4317 bt
1406 4276 1478 4318 ector
1498 4267 1642 4336 regerebat,
1662 4285 1735 4320 reum
1762 4269 1849 4338 ipsum
1870 4275 1898 4324 in

212 4357 316 4422 specics.
331 4355 458 4424 censor.
470 4370 494 4405 c·
508 4353 551 4404 22.
566 4371 593 4404 rr.
608 4354 716 4422 impp.
1079 4351 1156 4418 culpa
1178 4367 1264 4402 murae
1282 4369 1349 4413 esee,
1368 4352 1413 4420 qui
1434 4351 1545 4405 debebat
1564 4369 1665 4416 cistere,
1684 4365 1712 4407 ut
1730 4355 1853 4409 niteretur
1865 4359 1898 4408 ed

249 4446 271 4501 ς.
291 4438 501 4490 eniterentur
520 4433 612 4488 retent
635 4435 681 4486 laio
699 4449 790 4498 cesus,
812 4451 889 4504 qnem
910 4435 937 4487 in
954 4452 1030 4490 cause
1081 4433 1268 4502 puril'rcaudain
1288 4440 1466 4492 conditionem
1487 4439 1614 4505 adjectam
1634 4437 1708 4492 tutati
1728 4443 1779 4494 sibi
1802 4445 1898 4512 positu,

213 4542 235 4575 a.
256 4524 282 4576 b.
301 4534 388 4575 contre
407 4539 431 4573 e.
450 4519 654 4591 Bdttgetnttrtd
666 4520 819 4572 Consorten
834 4531 1031 4589 corampraeto·
1078 4535 1136 4572 eum
1155 4531 1226 4574 actor
1245 4521 1304 4590 ipse
1321 4522 1354 4573 sd
1374 4521 1400 4573 id
1427 4535 1517 4590 sponte
1541 4538 1585 4574 sue
1611 4523 1803 4594 expediendum
1826 4529 1898 4577 nnllo

212 4607 254 4660 rio
269 4605 393 4675 lipsiensi
417 4615 542 4674 expertus
560 4621 628 4656 sum.
657 4603 746 4655 Actori
769 4603 856 4655 cautio
874 4621 920 4672 pro
939 4621 1032 4657 reoota-
1079 4609 1115 4656 sit
1132 4605 1188 4671 jure
1207 4612 1320 4669 coactus,
1339 4621 1386 4674 pet·
1402 4603 1463 4656 ord.
1480 4622 1556 4675 proc.
1574 4606 1647 4657 elect.
1666 4623 1729 4660 eutr.
1748 4609 1788 4659 tit.
1811 4613 1853 4661 ll.
1874 4618 1897 4672 §e

213 4691 332 4745 tentione
350 4700 375 4742 et
389 4687 700 4758 expensisinjungebutur
713 4702 748 4737 m.
763 4686 857 4738 martio
870 4686 949 4739 tunt.
962 4689 1031 4759 quud
1083 4687 1181 4741 illerde
1193 4688 1263 4742 deun
1276 4699 1325 4742 etc.
1337 4690 1381 4759 qui
1397 4699 1423 4743 et
1440 4688 1552 4741 debebat
1564 4705 1691 4757 expensas
1709 4688 1897 4756 refundendae,

213 4779 252 4831 rei
271 4777 413 4839 atlsocetns,
432 4783 515 4826 astute
533 4774 661 4834 incurius,
682 4788 729 4824 nee
748 4770 846 4840 inipso
862 4772 975 4823 termino
989 4791 1029 4826 ur·
1079 4787 1107 4828 ut
1125 4775 1254 4828 moderari
1275 4785 1391 4845 possent,
1410 4774 1548 4843 liquidare.
1562 4775 1765 4845 Respondebant
1785 4775 1831 4828 dn.
1844 4795 1897 4830 sce-

213 4861 304 4931 gebet,
321 4861 349 4910 in
368 4876 420 4928 quo
436 4875 515 4927 super
534 4858 636 4910 deserte
659 4859 711 4924 jem
737 4854 923 4924 reprobatione
940 4856 1029 4927 dispu-
1079 4858 1136 4910 bini
1153 4859 1216 4928 lips.
1243 4875 1291 4912 uec
1315 4855 1381 4912 benc
1401 4857 1578 4912 contumaciae
1598 4859 1786 4912 recusationem
1811 4862 1896 4915 lucum

216 4947 335 5008 lebetum
353 4944 461 4996 consulti
483 4951 571 4994 temen
592 4941 702 4993 Scabiui
721 4938 792 5009 Lipe.
810 4941 860 4992 rati
887 4957 920 4992 ex
937 4939 1029 4995 officio
1077 4943 1211 5007 iuvenire,
1230 4943 1274 4996 eet
1293 4953 1405 4996 actorem
1423 4955 1482 4996 ente
1499 4943 1589 4996 omnia
1610 4940 1726 5009 iudicato
1745 4943 1895 4999 satisfacere

212 5033 293 5085 etiem
311 5031 493 5099 exceptionem
514 5031 582 5081 banc
605 5025 788 5078 attendendam
808 5047 822 5078 e
841 5024 928 5091 iudice
946 5044 1029 5080 mens.
1076 5029 1179 5080 debere·
1199 5029 1278 5080 Retio
1295 5026 1432 5080 decidendi
1453 5024 1535 5078 dubio
1554 5027 1643 5095 procul
1663 5026 1691 5077 in
1708 5043 1738 5076 en
1750 5039 1811 5090 erat,
1825 5033 1894 5098 quod

212 5118 266 5170 dee.
287 5117 364 5168 16⁰8.
383 5115 602 5184 pronatunieltettt:
621 5115 693 5166 Deus
710 5111 753 5164 tlt'e
766 5110 951 5180 et'ttgedraeltte
975 5115 1028 5166 Utr-
1074 5126 1197 5180 expresso
1214 5110 1281 5178 legis
1300 5111 1382 5162 lexltti
1401 5109 1460 5162 sine
1478 5112 1534 5177 lege
1549 5101 1659 5178 obloqui
1678 5128 1728 5161 non
1744 5111 1837 5164 liceat:
1852 5118 1893 5167 etti

212 5201 369 5269 pionem
388 5196 605 5267 Bercltuldiputtg
627 5212 715 5264 stepen
733 5209 914 5250 rereaenmten
931 5198 1030 5266 Gegen-
1076 5211 1122 5247 nec
1138 5193 1242 5246 obstare
1260 5201 1371 5263 poterat,
1390 5192 1457 5260 quod
1478 5193 1505 5246 iu
1524 5193 1633 5248 erbitrio
1651 5195 1684 5246 sit
1697 5198 1793 5248 sotoris
1808 5215 1828 5254 et
1847 5223 1892 5274 po.

213 5283 345 5339 Berret'rer
363 5283 437 5335 nicltt
448 5291 512 5333 rtatt
524 5283 579 5343 lent,
590 5281 707 5334 acntiern
719 5299 746 5332 ee
765 5281 800 5331 iat
819 5281 861 5334 Kt.
880 5284 1025 5336 vercellen
1076 5289 1167 5334 testate
1185 5293 1257 5329 mere
1275 5274 1453 5329 conditionem
1472 5276 1617 5346 adimplere
1635 5293 1658 5332 et
1678 5279 1715 5330 sic
1739 5298 1890 5350 prooesenm

213 5369 322 5440 Dirtgert
338 5383 427 5436 twegen
435 5366 588 5434 Beetellnng
598 5363 644 5418 dee
654 5365 822 5418 Vnrrtnndes
832 5367 880 5418 der
897 5367 1029 5419 Wt'ederk·
1078 5374 1224 5425 maturare,
1242 5361 1361 5431 qnodque
1379 5360 1441 5424 bic,
1459 5360 1520 5412 dnm
1540 5363 1606 5414 illud
1626 5363 1790 5428 intermittit,
1811 5355 1894 5438 perti-

213 5451 341 5521 tarcum
354 5449 508 5504 Unknnsten
532 5449 628 5502 delier
652 5463 749 5502 unrern
772 5465 816 5499 nm
836 5446 862 5498 i.
880 5449 970 5501 martii
985 5451 1030 5504 dee
1076 5464 1126 5499 aiax
1144 5446 1201 5498 litis
1220 5445 1361 5514 proteletur
1378 5461 1461 5513 poena
1487 5445 1574 5514 potins
1597 5465 1674 5517 qnam
1703 5452 1773 5504 lucto
1798 5456 1895 5509 exin-le

215 5531 572 5602 llilld.Jultreeerdffneten
597 5533 693 5589 Urtltel
713 5532 799 5585 crines
821 5533 881 5583 Orto
896 5531 978 5603 Fulge
996 5553 1030 5586 ctt
1077 5531 1202 5602 capiendo
1221 5531 1316 5600 dignus
1333 5530 1461 5585 rideatur:
1481 5547 1538 5584 cnm
1558 5533 1660 5600 babent,
1679 5539 1747 5606 quod
1768 5539 1820 5592 eibi
1841 5543 1892 5594 ina·

213 5619 448 5692 laistettpfliclttig.
464 5618 596 5690 scriptam
610 5616 759 5674 contionem
776 5611 939 5686 fidejussoris
957 5627 1027 5671 actor
1077 5623 1150 5686 putet
1167 5630 1227 5668 rans
1244 5631 1297 5670 uon
1321 5622 1398 5668 niens
1416 5615 1549 5683 remedio,
1568 5621 1637 5688 quot
1656 5621 1687 5674 ad
1707 5634 1822 5680 actuum
1847 5627 1892 5682 teli
2003 5628 2077 5656 Δ·
