4470 6188
215 231 269 290 stt
474 309 479 320 Ι
765 233 815 288 DE
830 229 921 290 surr:
940 228 1166 288 ruoutututut
1183 245 1245 289 nnc.
1741 240 1794 297 111

160 327 190 384 ln
209 327 275 382 dicte
292 327 351 402 lege
370 332 397 386 3.
416 348 580 402 expressere,
600 348 682 405 seque
699 327 733 384 sd
754 329 976 393 uuirersitrtcm,
1000 349 1005 398 r
1027 327 1098 382 ierit.
1117 327 1216 380 Formo
1235 342 1350 396 numque
1369 325 1420 381 hue
1438 327 1559 400 pertinet,
1577 331 1645 402 quoti
1663 339 1847 396 cummuniter

162 428 192 464 sc
209 414 240 466 sd
257 414 376 484 singulos
396 419 528 488 pertinere
546 418 677 473 ostendit.
696 414 726 468 ltl
738 425 811 468 certe
824 413 913 480 negrri
926 427 979 464 nott
1030 410 1149 467 dicitur:

161 506 268 564 potest,
288 510 338 550 turn
358 517 391 554 ex
410 504 604 569 universitttis,
621 517 700 573 quem
719 499 885 568 singulorum
904 495 978 547 sedi·
1224 493 1335 564 Btirger
1350 495 1409 550 und
1424 497 1505 552 Borrr

161 573 247 646 ficiis,
267 585 407 638 meterirm
427 587 589 640 seditionum
610 587 731 658 prselreri
751 599 839 654 posse,
858 581 913 632 imo
926 595 980 630 ms·
1160 579 1280 633 subsidet
1297 579 1386 633 nichts
1402 581 1476 634 deun
1494 581 1538 635 die
1555 583 1666 638 faur.

161 661 203 730 jus
223 668 373 734 periculum
393 669 535 738 imminere
553 673 585 724 rb
603 670 745 732 uniuersis,
764 685 841 738 quum
860 685 874 717 u
892 665 983 733 siugu-
1063 668 1087 726 ς.
1105 661 1149 713 tt.
1168 665 1279 726 Verum,
1297 680 1376 732 quern
1397 664 1512 734 speciose
1532 675 1559 717 et
1578 667 1739 724 rerosimilir
1765 671 1851 726 etism

162 741 213 797 lis.
232 747 344 802 interim
364 751 459 816 eredo,
480 753 549 806 hune
567 769 669 817 essum,
683 769 735 823 quo
753 748 911 803 unit-ertitss
924 763 981 800 mu·
1029 743 1093 799 bsee
1110 745 1177 810 sint,
1197 747 1241 800 rix
1262 757 1348 798 temen
1368 747 1469 815 aliquid
1488 751 1595 815 sulrest,
1611 753 1682 820 quotl
1702 755 1785 825 priori
1805 774 1849 811 us·

164 829 280 884 nitioues
298 834 401 900 erigere
419 837 490 900 tult,
508 853 591 906 seque
609 853 667 890 rrro
685 837 883 904 contingentem
903 849 981 896 esse,
1032 829 1138 882 tertioni
1156 833 1249 882 obesse
1268 829 1360 899 possit.
1378 829 1463 894 Nem,
1483 841 1546 885 utut
1565 851 1661 904 negare
1678 854 1732 891 uon
1751 839 1850 906 susim,

164 929 193 967 sc
212 915 304 980 illum,
322 935 388 987 quse
406 918 538 990 superiori
560 919 721 991 pursgrrpho
741 919 833 987 tetigi,
854 916 888 970 its
906 926 935 968 ut
953 913 982 967 in
1033 913 1170 984 plerusque
1186 914 1308 967 ciritrtes
1321 915 1385 966 olim
1401 915 1485 967 muris
1496 916 1673 975 circumdetis
1685 920 1777 988 luisse,
1791 943 1852 978 cum

165 997 260 1052 tutibus
279 1002 504 1069 quaestiouibus,
523 1020 570 1056 uec
589 1005 652 1073 styli
671 1020 719 1056 nee
744 1001 846 1069 ingenii
873 1014 984 1050 scumcn
1032 1009 1059 1050 et
1075 998 1191 1051 ciritutes
1208 998 1369 1052 Germanice
1389 998 1417 1049 itl
1438 997 1563 1066 doeesnt,
1581 1019 1647 1071 quse
1660 1003 1779 1075 singulae
1791 1025 1854 1063 ruoe

164 1097 301 1150 exercere,
318 1104 415 1156 operor
436 1088 552 1157 pretium
571 1089 733 1140 existimem.
752 1083 782 1135 ld
795 1099 880 1138 tormen
894 1096 984 1136 terum
1033 1083 1127 1138 hubent
1148 1101 1245 1150 muros,
1262 1103 1341 1154 qurm
1361 1085 1433 1140 rdcsi
1453 1088 1534 1141 etism
1553 1099 1684 1144 retutttte
1698 1133 1706 1158 ,
1722 1112 1856 1166 quemque

167 1169 301 1237 est,quud
321 1187 370 1239 per
390 1172 590 1226 uuirersitutem
611 1169 680 1223 nihil
708 1168 774 1239 ipsis
799 1163 924 1228 recedet,
943 1163 984 1214 ui·
1033 1169 1136 1220 ruinosi
1155 1173 1224 1232 siutr
1245 1169 1424 1223 nihilominus
1442 1171 1553 1241 probatu
1572 1170 1766 1230 difficillimum
1787 1189 1853 1245 est,

166 1250 255 1322 hiique
273 1253 426 1308 detrahetur
444 1257 495 1322 juri
515 1253 706 1324 subjectioni„
724 1251 792 1322 quod
811 1247 986 1319 jurisinsiu·
1032 1269 1126 1305 omues
1143 1252 1175 1304 ub
1195 1254 1272 1307 initio
1291 1256 1353 1306 tiles
1372 1253 1462 1318 luisse,
1481 1267 1505 1310 et
1522 1256 1641 1310 esmdem
1669 1276 1747 1328 quam
1775 1263 1856 1319 hodie

164 1337 229 1406 gulis
246 1337 366 1404 obtinet,
387 1341 459 1392 idem
480 1341 564 1392 celere
583 1350 642 1410 puto
662 1339 690 1388 in
704 1352 814 1406 persons
828 1334 875 1385 hsc
889 1331 981 1402 my-ti·
1033 1336 1161 1403 ridemus,
1182 1339 1360 1391 munitionum
1379 1354 1440 1408 prse
1459 1357 1486 1393 se
1505 1340 1598 1392 tulisse
1616 1339 1722 1396 laniem.
1736 1345 1856 1400 Meritus

166 1437 209 1486 es,
227 1420 281 1474 nisi
303 1424 383 1492 pectis
401 1423 440 1475 rel
459 1423 611 1493 privilegiis
627 1421 694 1492 ipsis
721 1419 787 1490 quid
815 1416 929 1487 speciale
947 1415 983 1466 in=
1035 1418 1175 1488 probabile
1193 1431 1244 1485 est,
1264 1420 1345 1474 initio
1364 1431 1503 1490 postquem
1524 1421 1552 1474 iu
1570 1423 1692 1476 oiritttcs
1710 1427 1853 1494 coirerunt,

168 1503 270 1557 duttum
289 1507 342 1558 rit.
362 1507 466 1576 singuli
486 1505 659 1560 ,nntrubtliti
675 1501 818 1574 principie,
832 1499 913 1552 iidem
930 1515 984 1550 tnr-
1034 1503 1062 1553 in
1080 1519 1182 1556 sumtus
1202 1519 1247 1557 sus
1267 1512 1428 1573 psupertete,
1446 1504 1568 1559 homines
1585 1507 1749 1561 usturslibus
1769 1512 1858 1563 subsi-

166 1598 228 1639 uettt
247 1589 384 1653 unirersig
404 1599 431 1641 et
449 1588 576 1660 qusmtliu
598 1589 661 1641 tslcs
681 1596 750 1652 suut,
771 1583 866 1637 borum
886 1580 984 1648 jurium
1034 1583 1087 1635 diis
1105 1597 1130 1639 et
1150 1586 1291 1656 praesidiis
1310 1597 1450 1657 utcumque
1463 1584 1545 1640 fuisse
1564 1601 1720 1657 contentos,
1738 1600 1858 1662 etpost·

166 1669 233 1723 nihil
252 1671 305 1724 sibi
325 1673 460 1725 sindicsrc
478 1679 601 1742 possunt,
615 1671 736 1738 nullaque
749 1666 869 1729 omuino,
883 1664 911 1716 iu
928 1661 985 1716 istis
1035 1668 1141 1719 modum
1162 1670 1268 1722 demum
1290 1679 1374 1722 tructu
1400 1671 1544 1740 temporis,
1570 1672 1706 1726 secedente
1729 1690 1809 1743 opum
1828 1680 1858 1726 et

166 1755 267 1824 juribus
282 1757 450 1826 usurprndis,
466 1755 535 1826 ipsis
546 1755 675 1823 competit
691 1750 817 1804 incultas.
1034 1747 1190 1804 diritisrum
1210 1753 1407 1824 amplitudine,
1424 1773 1490 1826 quse
1506 1754 1614 1826 quidem
1633 1757 1720 1811 hostes
1745 1759 1854 1812 sllieere

203 1837 227 1913 5.
248 1842 294 1894 39.
312 1840 430 1912 Contigit
447 1839 619 1911 quandoque,
638 1849 666 1890 et
684 1847 772 1888 nostre
789 1849 892 1905 quoque
916 1828 986 1884 ridit
1034 1836 1115 1887 solent
1126 1875 1135 1902 ,
1156 1837 1248 1906 majori
1269 1834 1388 1891 ertilicio
1405 1840 1456 1890 srti
1476 1839 1611 1892 muniendi
1632 1841 1782 1895 incubuisse
1800 1859 1858 1896 cre·

170 1938 246 1989 setus,
266 1924 402 1994 principes
418 1923 546 1994 quaedem
566 1923 631 1985 lucr,
651 1923 690 1973 rel
710 1928 819 1990 propter
835 1913 989 1988 opportuni·
1034 1919 1118 1972 dibile
1137 1930 1188 1973 cst.
1214 1924 1298 1992 *eque
1310 1921 1363 1974 hoc
1380 1919 1460 1974 iscile
1477 1923 1596 1992 supremi
1615 1925 1754 1996 principes
1772 1925 1858 1994 impe·

171 2018 248 2062 tutem
267 2010 470 2080 negotiationis,
488 2010 530 2062 rel
547 2007 753 2070 emuenitrtem,
772 2005 887 2076 rlirsque
905 2003 985 2056 iunu·
1034 2003 1156 2070 dierunt,
1175 2023 1234 2058 cum
1256 2007 1291 2058 dc
1308 2016 1439 2077 perpetuo
1458 2017 1483 2061 et
1501 2026 1639 2064 numenoio
1658 2013 1770 2076 milite,
1789 2013 1856 2079 ejus·

172 2110 254 2146 merus
271 2109 375 2155 muers,
394 2110 428 2145 ex
446 2107 557 2145 numero
575 2093 691 2146 ricorum
719 2087 868 2151 exemisse,
886 2096 913 2138 et
931 2087 988 2154 jure
1034 2103 1085 2156 que
1105 2091 1218 2144 utilitste
1236 2092 1352 2144 noudum
1373 2091 1471 2158 edocti,
1491 2091 1557 2144 hund
1572 2111 1649 2164 segre
1667 2093 1784 2152 lucebunt
1796 2101 1856 2152 sni·

169 2177 285 2230 eicitetis
305 2177 431 2240 donasser
450 2175 601 2248 suppeditet
620 2174 698 2244 hujus
716 2173 820 2242 generis
840 2171 921 2223 multe
940 2185 986 2220 es·
1036 2187 1103 2236 mo,
1123 2171 1145 2222 si
1166 2177 1227 2224 sisse
1244 2173 1358 2243 quisque
1377 2173 1527 2243 invigilaret
1545 2178 1621 2229 saluti
1645 2188 1673 2230 et
1696 2182 1846 2237 securitati.
1888 2239 1891 2246 ,

169 2269 253 2334 empls
267 2262 314 2316 tin.
333 2261 507 2318 Schwederus
525 2262 553 2315 irs
569 2261 625 2331 jur.
640 2258 714 2328 pull.
725 2268 796 2326 port.
807 2254 986 2322 special-sset.
1035 2253 1199 2324 Qrtumqusm
1219 2273 1305 2326 oeque
1324 2257 1373 2312 hoe
1391 2259 1621 2328 praetereuntium,
1638 2262 1706 2332 quud
1727 2283 1779 2318 uon
1794 2270 1859 2325 rdeo

171 2349 196 2400 1.
211 2367 270 2420 cup.
294 2348 337 2399 ts.
357 2365 431 2400 num.
451 2345 476 2399 l.
495 2355 519 2398 et
538 2344 616 2396 suuis
635 2344 773 2414 proximis,
792 2341 881 2394 euclem
901 2340 988 2393 cousi·
1034 2339 1185 2408 expeditum
1203 2351 1258 2404 est,
1276 2357 1363 2394 ennon
1392 2342 1537 2395 liberiorem
1557 2360 1616 2397 sues
1635 2346 1755 2402 ciritstes
1774 2356 1858 2408 muni-

170 2429 202 2484 lit
221 2435 247 2483 iu
266 2431 354 2501 patris
372 2432 468 2499 ugitute
488 2427 597 2480 memini
621 2427 654 2478 de
680 2427 798 2496 pertibus
822 2423 982 2495 quibusdem
1036 2423 1115 2486 eutii,
1133 2442 1149 2475 s
1166 2424 1280 2477 summis
1307 2424 1502 2496 impersutibus
1528 2429 1671 2498 imprime
1693 2431 1858 2496 debuerint?

171 2516 271 2568 eiriteti
293 2513 503 2585 regiumoutuuse
521 2511 719 2578 rtljecentibue,
737 2510 815 2578 vulgo
833 2507 876 2562 die
901 2507 988 2572 Frer·
1037 2511 1171 2564 Pmetercn
1192 2512 1220 2561 in
1239 2527 1270 2564 eo
1287 2513 1377 2565 omnis
1393 2511 1471 2564 cerdo
1490 2525 1617 2581 rersrtur,
1636 2533 1669 2568 ttu
1690 2521 1803 2575 munitio
1817 2541 1859 2578 re·

172 2599 273 2664 berieu,
295 2601 353 2668 jure
370 2597 485 2650 ciritetis
503 2614 516 2647 r
536 2595 725 2665 potentissimo
744 2609 805 2660 rege
831 2590 984 2644 donandis.
1035 2592 1164 2660 quiritum
1185 2593 1221 2646 ite
1242 2597 1418 2648 necessrrium
1438 2593 1530 2665 luerit,
1547 2610 1575 2652 ut
1591 2600 1652 2654 sine
1669 2604 1817 2671 moenibus,
1830 2621 1860 2664 et

175 2683 212 2736 An
229 2685 331 2754 itaque,
350 2697 471 2736 concessu
490 2667 546 2747 jure
559 2677 676 2730 ciritstis
690 2677 799 2728 insimul
811 2678 854 2744 jus
869 2677 988 2728 munieu·
1038 2679 1097 2730 sine
1117 2677 1293 2732 munimentis
1310 2681 1402 2732 ciritss
1421 2681 1567 2736 consistere
1580 2699 1632 2738 nun
1646 2693 1856 2762 potuerit,quod

173 2767 199 2821 rli
217 2783 389 2829 eoncessum,
407 2765 448 2816 cel
466 2780 498 2814 sn
525 2761 662 2831 principes
687 2757 739 2810 sibi
768 2759 795 2810 id
822 2773 989 2823 resererese,
1038 2763 1168 2832 pomerius
1189 2761 1257 2814 mihi
1275 2761 1436 2834 persusdere
1455 2781 1564 2833 ueqrteo.
1584 2765 1858 2840 Noneetspmtrlr.

173 2855 288 2922 ideoque
305 2853 347 2920 jus
366 2845 524 2918 prohibendi
543 2845 643 2898 sslsttm
670 2843 814 2895 retinuisse
837 2842 990 2894 esistimrn·
1038 2846 1147 2914 pitlibus
1166 2845 1342 2912 circumitu,
1367 2845 1468 2901 dicitur
1491 2849 1561 2916 sputi
1589 2850 1715 2905 Senecam
1732 2854 1779 2908 til.
1797 2875 1859 2914 rua-

174 2938 199 2990 di
218 2939 293 3002 siut,
310 2930 474 3004 quaestionis
491 2937 531 2981 est
547 2964 554 2979 .
570 2925 648 2996 Quod
667 2925 730 2976 dum
750 2923 918 2977 essereudum
931 2939 989 2975 cre·
1037 2945 1092 2982 ror.
1111 2945 1186 2981 setus.
1204 2928 1229 2981 2.
1248 2937 1275 2981 et
1294 2928 1332 2980 ihi
1353 2947 1442 2982 muros
1461 2929 1554 2998 hebet,
1573 2932 1619 2986 ubi
1640 2951 1694 2988 uun
1717 2937 1793 2994 behet
1803 2961 1815 3004 ,-
1832 2952 1860 2998 et

171 3018 217 3084 du,
236 3018 320 3072 dubis
337 3015 482 3087 quendem,
499 3027 566 3082 quse
585 3009 630 3062 hio
648 3006 779 3073 subnrts,
798 3007 887 3078 prucis
913 3019 992 3061 erunt
1037 3015 1106 3085 quod
1128 3016 1270 3084 Pompeius
1288 3013 1409 3069 dicebat:
1427 3033 1485 3070 nors
1504 3017 1585 3070 estin
1597 3019 1749 3087 parietibus
1766 3043 1860 3098 respu-

176 3101 316 3174 uugend..
1039 3099 1074 3150 dl.
1095 3097 1188 3162 idern,
1210 3098 1300 3170 prucis
1318 3099 1441 3164 mutetis,
1468 3103 1506 3153 its
1532 3099 1683 3158 efferimus:
1702 3123 1754 3160 non
1774 3113 1859 3166 estin

204 3193 227 3249 ς.
245 3186 292 3240 lo.
311 3183 395 3237 initio
422 3183 546 3245 ridetur,
564 3183 606 3250 jus
624 3177 761 3232 muniendi
787 3177 929 3232 errmttrte
948 3197 990 3234 re·
1040 3181 1180 3236 moenibus
1197 3194 1223 3235 et
1243 3181 1327 3234 muris
1344 3181 1445 3236 ciritss.
1463 3183 1619 3257 Exemplum
1636 3198 1786 3258 potestesse
1799 3193 1861 3248 Cer·

171 3271 302 3342 quiritum
320 3269 437 3323 ciritrtis
458 3281 532 3332 esse;
549 3282 609 3318 urm
627 3265 673 3337 qni
693 3263 857 3318 differentius
874 3266 992 3319 cicorum
1041 3269 1140 3335 thirgo,
1165 3283 1243 3337 quum
1268 3283 1329 3320 eum
1363 3282 1477 3318 euersum
1497 3267 1568 3322 irent
1592 3270 1704 3324 Romani
1724 3271 1736 3341 (
1747 3293 1862 3344 quorum

173 3365 198 3408 et
216 3353 356 3407 ciritrtum
378 3351 536 3418 inresrtgrrr
553 3351 657 3415 solunt,
676 3358 731 3404 utut
757 3347 891 3403 discordes
909 3349 992 3420 pleri·
1041 3352 1233 3405 cavillationem
1260 3352 1322 3418 jtm'
1341 3349 1452 3421 plurimi
1480 3352 1705 3422 reprehenderunt
1729 3362 1738 3422 )
1762 3365 1862 3415 eremit

169 3451 220 3505 que
237 3435 354 3488 invicem
374 3433 445 3497 sint,
463 3435 492 3485 iu
510 3450 543 3485 eo
562 3442 649 3486 tsmeu
668 3431 807 3486 unanimes
825 3433 990 3502 conspirent,
1042 3435 1194 3503 moenibus,
1211 3435 1310 3506 sslrgm
1330 3435 1400 3504 ipsis
1417 3450 1475 3488 esse
1492 3434 1642 3504 eiritstem,
1663 3440 1735 3505 iure,
1755 3443 1862 3512 privile-

174 3522 258 3574 ricum
279 3534 339 3572 esec
357 3521 442 3574 locum
457 3515 539 3568 nullis
557 3515 753 3569 munitionibus
771 3516 927 3569 instructum
953 3517 993 3570 rel
1040 3519 1094 3584 giu,
1113 3529 1140 3570 ct
1159 3517 1346 3571 immunitrtes
1364 3516 1530 3582 essesebsntr
1548 3519 1673 3592 ideoque,
1687 3535 1713 3577 ut
1731 3525 1759 3577 in
1781 3537 1862 3582 tranr-

172 3605 376 3671 circumdatum,
394 3600 486 3654 urbem
506 3615 567 3653 tero
585 3598 620 3651 iis
636 3598 746 3667 grudere
765 3597 868 3653 debere.
884 3600 993 3655 illucet
1042 3607 1082 3658 itu
1100 3603 1186 3658 dicem
1196 3642 1206 3671 ,
1225 3605 1294 3656 mele
1311 3601 1515 3675 philosophetur
1532 3605 1697 3661 Modestinus
1715 3608 1744 3663 in
1761 3611 1812 3683 leg.
1825 3615 1861 3666 21

173 3689 297 3756 loetum,
324 3687 393 3758 quoti
418 3684 621 3738 smoenissinms
645 3683 718 3736 luem
748 3683 820 3752 llsgt
844 3684 992 3753 comitum,
1032 3687 1074 3761 ff.
1092 3687 1189 3761 quidm
1207 3687 1294 3741 modis
1313 3685 1478 3756 ususfruct.
1495 3688 1555 3740 rull.
1572 3705 1709 3756 usserens,
1728 3691 1865 3767 Gerrhug'i·

174 3791 318 3830 commuue
335 3772 404 3826 illud
422 3769 650 3842 peregrinentium
669 3767 831 3824 desiderium
845 3779 872 3824 et
886 3784 996 3843 receptr-
1043 3791 1077 3828 ne
1095 3774 1194 3838 delete,
1212 3770 1407 3825 usumfructum
1428 3785 1532 3826 cessere
1549 3773 1688 3841 legatum,
1704 3794 1756 3846 quo
1776 3788 1866 3834 temen

173 3862 279 3927 culum,
300 3871 361 3912 utut
379 3858 446 3911 nulli
462 3855 621 3924 reliquerunt
636 3853 941 3909 ilollundirecirittttum
954 3873 996 3910 re·
1044 3876 1097 3912 non
1117 3857 1221 3911 moenis
1239 3857 1280 3909 rel
1301 3856 1389 3922 muri,
1407 3855 1451 3909 reti
1470 3853 1540 3910 cites
1558 3866 1584 3909 et
1600 3856 1701 3911 inculte
1716 3869 1826 3914 utuntur
1839 3874 1866 3918 et

174 3943 333 4000 ciliciorum
352 3937 531 4011 emplitudiue
543 3950 567 3993 ct
586 3935 793 4007 megnilicentir,
811 3951 885 4008 stque
905 3939 996 3994 siren·
1044 3941 1184 3995 iruunturr
1204 3939 1410 3994 Messalinomm
1429 3937 1501 3992 muri
1519 3938 1582 3992 ticet
1600 3939 1680 3992 dimtl
1705 3952 1802 4008 esseut,
1814 3945 1867 3997 sri-

173 4026 200 4080 tli
218 4024 459 4082 commoditstibus
477 4023 562 4088 cedet,
583 4022 720 4078 destitutus
739 4031 827 4076 tumen
845 4025 994 4078 munimen³
1045 4042 1104 4078 rum
1124 4035 1211 4076 temen
1230 4023 1283 4093 ipsi
1300 4019 1434 4158 zubebsnt
1451 4023 1493 4089 ius
1511 4021 1646 4087 cisitstis,
1665 4032 1693 4076 et
1712 4025 1747 4077 ite
1774 4039 1867 4082 contr·

175 4113 218 4178 tis,
237 4127 332 4181 prtum
352 4102 529 4161 honorificum
549 4105 577 4158 id
597 4123 693 4160 nomen
713 4109 801 4178 mugni
821 4110 880 4179 psgi
893 4128 996 4182 recepe·
1046 4107 1281 4170 Lscedremouius,
1328 4107 1376 4161 iter
1394 4106 1539 4161 sentientes
1559 4105 1702 4172 iudicetum
1723 4107 1816 4174 luisse,
1833 4127 1867 4165 en

175 4197 220 4264 rit,
243 4196 372 4261 idemque
388 4208 447 4244 cum
468 4191 601 4261 hucusque
620 4192 761 4262 pristinem
781 4193 922 4247 initiorum
941 4214 999 4250 suo·
1045 4190 1189 4245 Plutarcho
1207 4191 1237 4242 in
1258 4189 1379 4259 Agesilttu
1391 4187 1474 4243 refert
1485 4189 1565 4242 Grot.
1576 4189 1623 4243 lib.
1637 4189 1661 4242 2
1672 4205 1732 4260 cup.
1748 4192 1773 4244 9.
1785 4195 1807 4260 §.
1822 4197 1847 4247 7.

174 4297 232 4333 rum
253 4279 459 4346 simplicitatem
480 4274 634 4340 retinuerit,
653 4274 739 4328 sdhrtc
760 4275 868 4330 trsltst.
885 4276 997 4348 Insuper
1081 4281 1103 4338 i·
1123 4272 1168 4326 ⁴²·
1184 4271 1239 4327 Nes
1256 4289 1353 4344 opem
1371 4274 1490 4343 prelium
1515 4283 1574 4337 etl,
1603 4273 1632 4324 in
1658 4275 1723 4328 tuiis
1750 4279 1870 4348 antiquis
1957 4279 1960 4286 '

174 4363 243 4434 quod
264 4363 346 4415 istem
366 4361 481 4415 cicurum
497 4367 523 4411 et
535 4358 671 4412 ciritrtum
690 4356 869 4414 differentium
884 4363 996 4418 multum
1046 4357 1188 4428 exemplis,
1206 4356 1304 4426 quibus
1322 4357 1496 4426 politicorum
1514 4356 1579 4409 libri
1598 4355 1695 4411 relecti
1715 4374 1790 4424 sunt,
1808 4363 1870 4416 diu·

176 4448 305 4516 rtljursre
323 4443 446 4505 ridetur,
464 4442 597 4512 originem
623 4442 756 4496 ciritttum
783 4444 997 4516 considerentes,
1046 4444 1100 4497 tius
1120 4441 1299 4506 commoreri,
1318 4455 1379 4494 curn
1397 4437 1518 4512 quotidie
1537 4438 1609 4494 idem
1628 4435 1688 4492 ftrri
1714 4440 1868 4500 ridesmus.

176 4534 218 4584 eis
238 4532 357 4601 aliquem
375 4527 546 4580 constitutum
564 4536 590 4577 et
609 4533 722 4578 erectum
742 4525 800 4577 sine
826 4529 1000 4582 munimentis
1048 4526 1269 4598 Quotusquisque
1287 4525 1359 4577 eninr
1379 4524 1495 4591 ignoret,
1514 4523 1542 4574 in
1559 4521 1685 4577 omnibus
1703 4521 1759 4578 lere
1779 4523 1870 4594 preth-

177 4611 420 4686 rlcprehendemus.
431 4609 507 4662 'isles
521 4607 620 4675 luisse,
632 4627 698 4680 quus
711 4610 777 4680 spud
792 4613 916 4667 Venerios
931 4626 1002 4670 trrns
1049 4609 1196 4666 ustionibus
1215 4609 1285 4660 iuter
1298 4607 1481 4677 belligerantes
1496 4606 1643 4668 coureuiri,
1658 4619 1686 4661 ut
1694 4609 1868 4677 quorumdem

178 4697 296 4750 lustrum
311 4712 340 4747 rc
354 4693 474 4747 Rhenum
488 4706 626 4756 extructae,
638 4694 712 4748 testis
724 4702 766 4747 est
782 4693 942 4766 Corrringius
953 4717 1001 4752 err·
1048 4696 1165 4748 locorum
1184 4691 1355 4745 destruuntur
1374 4688 1548 4757 munimenta,
1565 4691 1662 4760 quibus
1681 4701 1768 4745 tumen
1783 4695 1816 4748 de
1827 4699 1869 4762 ju·

177 4797 231 4836 ere.
250 4780 330 4834 uenti.
351 4779 376 4831 ³.
394 4779 416 4844 ς.
436 4779 477 4830 29.
499 4777 574 4841 lllss,
592 4795 658 4848 quse
672 4777 719 4830 sub
732 4776 881 4850 Curulingie
895 4783 922 4833 in
935 4781 1001 4835 Ger·
1050 4796 1077 4832 re
1097 4776 1212 4830 ciritstis
1232 4774 1302 4826 nibil
1320 4771 1439 4836 deceditr
1457 4784 1486 4826 et
1505 4773 1575 4844 quod
1593 4775 1715 4828 ciritrtes
1741 4774 1801 4830 sine
1826 4779 1870 4832 bis

178 4865 268 4918 menis
287 4865 455 4927 extiterunt,
482 4862 623 4916 munimem
651 4873 752 4936 purtem
779 4865 895 4918 munires
921 4864 1003 4921 luisse
1051 4860 1189 4932 requisitis
1207 4859 1291 4912 selune
1310 4854 1455 4910 subsistere
1473 4857 1587 4930 possint,
1601 4855 1697 4912 docent
1711 4861 1871 4930 metropoles

178 4949 279 5015 trudit,
300 4950 409 5017 ejusque
429 4956 558 5016 tsmqnum
579 4947 616 5001 rel
636 4951 743 5020 penitus
761 4965 814 5002 uon
840 4965 920 5006 nuere
946 4969 1000 5004 me·
1049 4947 1154 5001 Gallice
1171 4953 1199 4999 et
1219 4941 1345 5012 huglire.
1372 4939 1505 5010 Quinimu
1531 4939 1560 4994 ln
1586 4939 1755 5007 Germsnis,
1781 4945 1872 5024 multis

178 5031 262 5088 miuit
287 5031 375 5084 Ditm.
394 5028 494 5082 Chruu.
519 5029 565 5083 lib.
594 5034 619 5083 1.
645 5031 781 5086 Huibom.
804 5042 871 5085 tom.
897 5035 922 5084 1.
950 5050 1002 5088 rer.
1050 5033 1125 5093 locis,
1143 5029 1184 5094 ius
1201 5026 1321 5080 ciritstis
1339 5021 1867 5095 lougesntiquinsluissejuremunien-

95 5097 103 5104 “
177 5113 338 5188 germsol.
357 5113 419 5166 1182.
439 5113 525 5182 Quem
544 5116 702 5167 seutentiam
722 5115 823 5184 psssim
842 5131 888 5168 suo
906 5117 1004 5170 cclculo
1050 5113 1094 5176 di,
1113 5112 1181 5182 quod
1200 5109 1368 5179 subsequeuli
1388 5107 1495 5162 demum
1514 5119 1633 5180 tempure
1644 5122 1715 5164 certo
1728 5113 1869 5182 priuilegio

181 5205 346 5274 approbunt,
365 5197 489 5268 idemque
507 5197 566 5251 lecit
588 5197 687 5252 illustr.
704 5198 749 5252 du.
768 5197 894 5267 Cocceius
911 5202 939 5255 in
956 5202 1003 5276 ju·
1050 5213 1203 5252 eoncessum
1221 5205 1277 5258 est,
1295 5193 1401 5263 liquido
1415 5203 1524 5246 constet.
1537 5191 1741 5248 Freucuiurtum
1756 5197 1788 5251 sd
1802 5215 1870 5253 moe-

180 5290 218 5342 rs's
236 5286 317 5355 publ.
332 5283 477 5356 prurientia
495 5301 555 5354 cop.
579 5281 768 5346 1⁸1.r.1.ubt
797 5281 911 5337 breviter
942 5285 1002 5354 iuji·
1051 5298 1115 5334 num
1134 5280 1182 5332 diu
1200 5276 1440 5348 juribuseiritrtis
1458 5273 1605 5345 grudehst,
1622 5295 1681 5330 eum
1701 5277 1807 5334 demum
1827 5285 1872 5351 jus

181 5371 229 5437 cit,
249 5368 372 5422 civitatis
392 5367 550 5435 requisitum
569 5381 642 5428 esse,
663 5381 716 5417 nou
733 5363 842 5434 quidem
868 5378 897 5419 ut
916 5369 1002 5421 muris
1051 5362 1190 5417 muniendi
1211 5362 1263 5433 ipsi
1282 5361 1316 5415 sb
1343 5359 1508 5428 impereture
1530 5358 1660 5413 Lutlurieo
1684 5379 1761 5416 anno
1790 5366 1871 5418 13³³.

181 5454 267 5507 clucts
289 5451 343 5514 sit,
362 5450 407 5503 sed
428 5461 454 5502 ut
474 5451 516 5517 jur
535 5447 804 5510 ruunieudihrhest,
829 5459 939 5518 propter
960 5451 998 5503 le·
1051 5458 1079 5500 et
1096 5466 1111 5501 s
1129 5446 1271 5500 Friderico
1296 5461 1372 5496 anno
1402 5441 1480 5494 tlid.
1506 5459 1658 5498 concessum
1684 5443 1789 5512 luerit,
1813 5445 1870 5501 eid.

179 5553 241 5606 gem
262 5534 326 5588 239.
344 5531 368 5605 fi.
387 5534 414 5586 7.
422 5529 463 5603 ff
480 5533 513 5587 de
531 5534 637 5588 verior.
656 5531 773 5606 rigntfir.
793 5529 913 5586 Breviter
937 5533 1002 5586 sdcu
1051 5531 1137 5584 Lirnu.
1148 5529 1209 5602 jur.
1225 5527 1299 5598 publ.
1324 5525 1370 5577 lt'b.
1398 5527 1425 5576 7.
1454 5543 1512 5596 unp.
1540 5529 1583 5578 17.
1609 5545 1684 5582 num.
1707 5531 1749 5584 tt.
1773 5540 1799 5583 et
1826 5532 1871 5584 10.

180 5614 335 5675 eommunis
354 5617 416 5670 hoec
433 5627 473 5672 est
489 5603 591 5689 opinio,
611 5628 637 5671 ut
653 5613 709 5669 lere
727 5616 754 5668 iu
774 5617 942 5687 proverbium
957 5618 1002 5672 eb·
1051 5614 1124 5686 Qme
1142 5609 1234 5669 umnir'
1252 5623 1275 5667 et
1293 5609 1394 5681 singule
1411 5626 1535 5680 quorsum
1554 5610 1707 5682 eolliment,
1726 5615 1778 5683 jrm
1797 5614 1874 5668 intel·
