4470 6188
392 232 445 302 stt
936 235 1408 306 ursrurarroxn.
1930 237 1985 300 tto

347 361 398 426 se3
412 335 536 406 etenim
553 331 580 404 si
597 351 709 402 secum
726 331 988 426 perpenderent,
1013 335 1173 403 saetarum
1191 359 1258 404 non
1275 349 1429 421 matum,
1446 331 1503 406 sed
1531 347 1565 404 et
1583 333 1747 405 dictorum
1768 334 1939 418 omnium,
1963 337 2031 403 imo

344 445 377 496 et
389 427 630 520 cogitationum
641 447 676 492 se
690 421 870 512 aliquando
882 447 989 494 coram
1005 424 1132 518 judicio
1149 426 1214 494 Dei
1231 427 1417 496 reddituros
1429 452 1497 496 esse
1513 428 1674 507 rationes,
1689 428 1921 496 accuratiorem
1943 443 2033 493 certe

339 515 562 584 dicendorum
579 513 779 602 susciperent
794 537 982 595 censuram,
998 537 1092 584 neco
1112 517 1222 583 serbis
1247 529 1391 601 tautum,
1406 541 1494 608 quae
1508 517 1627 584 samam
1643 516 1782 584 alterius
1791 515 1955 598 laedunt,
1971 513 2031 581 sed

340 619 373 673 et
389 605 432 672 ab
448 605 606 672 inanibus
621 615 725 670 semet
740 600 920 670 studiosius
934 605 1155 673 abstinerent.
1171 606 1298 674 Verum
1324 631 1364 672 uc
1397 607 1533 699 quidem
1566 610 1600 673 in
1633 605 1702 672 soro
1733 606 1877 673 humano
1900 625 2031 694 seraper

342 696 500 764 immunis
516 695 601 772 erit,
616 694 677 785 qui
696 693 731 756 iu
751 693 860 760 verbis
877 694 1056 760 admodum
1075 694 1223 762 liberalis
1239 713 1303 775 eet,
1319 715 1350 762 et
1365 699 1459 786 plura
1488 695 1538 764 rel
1566 699 1663 787 jactat
1682 695 1733 762 rel
1751 693 1911 778 affirmat,
1927 718 2032 787 quam

342 787 461 852 veritas
478 784 602 877 negotii
617 780 771 848 admittit.
788 781 869 848 Nem
887 784 945 874 qui
962 782 1065 851 effuso
1080 807 1229 868 sermone
1243 809 1276 852 se
1293 791 1398 875 jactat,
1417 789 1451 852 in
1493 799 1656 874 romptum
1674 783 1818 852 incidere
1832 786 1883 852 sui
1899 785 2029 875 pericu-'

342 875 436 958 lum,
453 879 516 966 jam
531 874 609 940 olim
625 874 710 938 serio
725 873 853 939 monuit
869 872 902 938 d.
919 871 1102 963 Imperator
1116 874 1139 940 J
1142 875 1328 942 ustinienus
1351 881 1388 942 in
1403 877 1426 944 l.
1441 810 1503 941 uli.
1519 873 1594 944 cod.
1610 872 1733 966 dedet.
1751 878 1906 965 promise.
1919 874 2030 964 infin.

342 965 478 1048 Etenim
494 986 600 1032 sermo
615 985 654 1028 er
670 983 726 1027 ore
742 963 881 1028 emissus
898 961 1070 1030 difficilius
1088 965 1271 1046 retinetur,
1288 988 1389 1054 quam
1407 967 1499 1034 neris
1515 967 1661 1056 exposita
1685 966 1813 1050 ventis3
1837 965 1919 1032 banc
1937 967 2031 1032 euim

341 1067 474 1124 creato
489 1069 671 1141 correptam
687 1051 827 1118 funibus
842 1065 877 1119 et
899 1053 1053 1120 anchoris
1080 1053 1256 1140 inhibent,
1288 1061 1427 1146 ejusque
1453 1056 1656 1122 velocitatem
1689 1053 1864 1144 frangunt:
1887 1054 2032 1122 orationi

344 1159 515 1236 tamquam
525 1159 645 1234 eportu
657 1141 756 1208 semel
763 1164 920 1232 egressae,
933 1143 1135 1222 nullastatio,
1144 1143 1256 1210 nullus
1265 1145 1529 1237 anchoraejactue
1541 1142 1691 1234 reliquus
1701 1143 1823 1224 est,sed
1830 1165 2032 1236 magnacum

344 1237 506 1302 sunituet
520 1231 646 1322 fragore
663 1242 750 1298 recta
768 1245 935 1298 auctorem
948 1232 983 1296 in
996 1255 1151 1324 magnum
1163 1246 1195 1300 et
1207 1256 1306 1324 grase
1322 1235 1458 1324 aliquod
1474 1234 1602 1325 conjicit
1613 1231 1813 1324 etdemergit
1828 1234 2029 1323 periculum3

345 1335 430 1392 teste
453 1321 637 1390 Plutarcho.
653 1320 878 1409 Quamobrem
896 1321 1045 1410 expedit,
1070 1335 1108 1386 ut
1125 1322 1268 1414 quisque
1283 1323 1459 1390 verborum
1487 1347 1544 1390 ore
1566 1319 1837 1412 profereodorum
1868 1323 2031 1390 rationem

344 1413 484 1496 habeat,
499 1422 678 1500 antequam
701 1411 849 1492 emittat,
865 1424 897 1475 ct
913 1433 929 1476 a
947 1411 1122 1500 superfluis
1135 1436 1170 1478 se
1184 1416 1360 1480 abstineat.
1377 1412 1463 1478 Mer.
1480 1411 1526 1478 ad
1537 1414 1597 1502 jus
1614 1409 1682 1478 tab.
1694 1435 1729 1502 p.
1749 1413 1781 1478 3.
1798 1414 1852 1480 tit.
1884 1434 1932 1478 to.
1956 1425 2028 1478 art.

343 1530 402 1574 un.
420 1529 452 1570 n.
472 1504 523 1590 40.
541 1523 583 1568 ne
598 1501 664 1568 illis
678 1501 742 1589 jam
759 1514 881 1568 temere
897 1499 1034 1589 prolatis
1049 1502 1153 1568 serius
1169 1525 1281 1592 sapere
1298 1502 1408 1570 discat.
1427 1502 1501 1568 Huc
1518 1525 1585 1594 quo
1609 1525 1651 1567 uo
1668 1500 1876 1570 referendum
1887 1500 2039 1568 estillud·

345 1595 496 1663 Jctorum
511 1603 690 1674 assertum,
708 1590 799 1680 quod
815 1590 963 1680 quisque
980 1588 1064 1656 illud
1080 1607 1246 1680 praestare
1263 1604 1432 1675 teneatur,
1448 1593 1537 1684 quod
1554 1526 1747 1657 aibrmarit.
1772 1591 1948 1681 Quatenus
1967 1611 2031 1658 au·

252 1723 256 1734 =
279 1737 280 1742 .
347 1697 415 1752 tem
429 1684 490 1751 hoc
505 1685 540 1747 in
557 1679 681 1772 judicio
696 1679 821 1746 attendi
840 1694 1023 1759 mercatur,
1039 1698 1071 1746 et
1087 1703 1128 1745 an
1144 1683 1235 1745 omni
1252 1705 1328 1748 casu
1346 1681 1454 1748 locum
1472 1683 1620 1748 inveniat
1634 1677 1830 1746 affirmantis
1844 1679 2029 1772 obligatio,

347 1773 383 1842 di
407 1797 485 1842 num
501 1769 729 1864 disquisitione
744 1769 930 1860 inaugurali
945 1770 1144 1835 existimavi.
1161 1768 1250 1836 Cum
1267 1793 1342 1838 vcro
1358 1771 1436 1837 baec
1453 1771 1586 1838 materia
1605 1767 1766 1859 prolixior
1795 1772 1853 1856 sit,
1869 1792 1971 1862 quam
1989 1784 2030 1838 ut

345 1799 522 1931 ordinariis
539 1860 671 1952 pagellis
685 1859 876 1925 academicis
893 1857 1018 1924 includi
1037 1858 1152 1948 possit,
1166 1858 1239 1924 ideo
1256 1860 1307 1926 laio
1321 1859 1434 1926 saltem
1456 1873 1578 1926 statum
1601 1880 1832 1947 personarum,
1854 1872 1887 1924 et
1909 1872 2031 1950 quate-

347 1947 412 2020 111
425 1955 476 2020 bic
490 1947 669 2106 affirmppti
686 1959 836 2016 nascatur
852 1945 1106 2038 praejudicium,
1120 1946 1293 2016 exhibebo.
1310 1949 1404 2016 Deus
1416 1949 1500 2016 adsit
1514 1949 1658 2032 conatui,
1674 1951 1773 2041 cujus
1787 1947 1909 2018 auxilio
1925 1951 2031 2018 fretus

350 2042 478 2111 adrem
494 2063 592 2133 progr
636 2039 696 2104 ior.

583 2249 605 2302 3
624 2249 653 2304 U
666 2248 703 2303 Ι
716 2247 753 2302 Π
765 2247 795 2302 A
811 2248 838 2301 n
856 2249 875 2301 1
889 2249 926 2302 A.
1210 2251 1258 2304 Aa
1277 2249 1425 2322 acceptaris
1444 2249 1544 2308 amuli
1568 2251 1599 2306 e'n
1610 2250 1696 2308 ducet
1718 2263 1877 2307 mascarum
1904 2247 2040 2322 sponsati-¹

1247 2333 1422 2401 11111533.

351 2417 490 2476 Sermonis
504 2415 607 2472 atriitat
619 2417 649 2471 in
659 2415 718 2470 vita
736 2414 863 2470 damano.
880 2422 901 2477 5.
920 2417 946 2468 1.·
1213 2415 1262 2470 An
1278 2414 1416 2486 sufficiat,
1428 2415 1453 2470 si
1461 2426 1550 2482 parter
1561 2415 1720 2490 affirmant
1730 2419 1797 2495 jans
1815 2429 1882 2476 ente
1897 2421 2041 2488 smmals'cr

346 2501 496 2570 Praecipere
509 2499 540 2553 in
550 2496 742 2552 convellendis
753 2495 971 2568 obligationibus.
983 2504 1006 2561 5.
1019 2497 1044 2552 3.
1259 2501 1437 2554 contrusisse.
1451 2498 1530 2572 533.

345 2582 515 2655 Affirmatio
528 2579 654 2652 pacfice
665 2579 880 2642 131131111νὲ5.
894 2581 921 2634 3.
1214 2583 1260 2636 An
1272 2586 1409 2653 responsio
1426 2583 1508 2640 dubia
1523 2601 1575 2657 pro
1594 2585 1783 2660 firmatione
1793 2583 1924 2657 srffcerc
1934 2583 2034 2656 possis?

345 2665 509 2738 Affirmatio
523 2674 589 2733 quot
600 2663 686 2716 modis
687 2660 770 2732 fiat?
787 2663 830 2718 Dc
842 2673 918 2720 nutu.
929 2665 951 2734 5.
966 2663 991 2718 4.
1231 2670 1252 2727 5.
1271 2665 1315 2718 34.

345 2753 395 2802 Ars
409 2759 500 2804 tacens
512 2744 655 2818 affirmat?
664 2742 688 2815 5.
702 2746 727 2798 t.
1211 2746 1312 2818 Siquis
1322 2763 1360 2803 cm
1377 2749 1541 2817 desponsatis
1553 2753 1694 2809 uinculum
1708 2753 1956 2826 consanguinitatis
1973 2771 2035 2812 rats·

345 2833 391 2886 De
401 2829 715 2904 affirmationepoenali
730 2829 765 2882 od
774 2834 984 2887 contumaciam.
996 2832 1019 2900 5.
1036 2831 1062 2885 d.
1246 2832 1377 2888 trimetria
1390 2835 1480 2889 adesse
1492 2835 1574 2890 diem.
1592 2844 1614 2899 5.
1633 2838 1677 2890 33.

345 2913 510 2984 Affirmatio
527 2911 645 2978 simplex
655 2913 698 2964 ael
707 2913 878 2982 qualificota.
891 2916 914 2981 5.
928 2916 954 2968 7.
1218 2914 1291 2982 Quid
1304 2917 1330 2970 si
1339 2919 1421 2972 terius
1433 2917 1465 2972 de
1476 2935 1578 2988 sponro
1595 2920 1662 2990 qaid
1673 2919 1843 2989 affirmauit?
1854 2918 1879 2993 5
1897 2921 1940 2976 33.

345 2998 512 3070 Affirmotsir
526 2994 674 3067 paduana
697 3005 727 3050 rat
749 2995 870 3067 obliget?
894 2997 960 3068 pusii
982 2997 1163 3070 requiratur?
1216 2997 1247 3051 Si
1262 2998 1322 3067 pair
1337 3001 1455 3068 pucilam
1470 3013 1605 3056 moratam
1617 3001 1752 3075 affirmat.
1765 3015 1785 3068 5.
1799 3006 1844 3058 37.

378 3081 403 3154 5.
416 3083 443 3134 3.
1219 3081 1291 3150 (laid
1299 3083 1326 3135 si
1331 3095 1412 3152 pater
1429 3101 1542 3152 sponsae
1553 3088 1586 3140 de
1611 3088 1665 3142 dna
1687 3087 1818 3160 quaedam
1840 3085 2033 3160 affirmaverit.

346 3165 527 3240 Affirmatioa
538 3163 615 3218 delet
632 3180 687 3218 esse
697 3163 783 3218 ciera.
795 3162 820 3235 5.
832 3166 860 3219 3.
1251 3171 1273 3226 5.
1289 3167 1333 3220 33.

346 3255 391 3306 De
403 3248 597 3321 affirmatione
608 3247 750 3302 indirecta.
762 3256 784 3311 5.
800 3251 844 3302 13.
1217 3249 1248 3300 S'
1256 3257 1337 3318 pater
1347 3249 1376 3302 in
1393 3259 1556 3307 tenemento
1572 3253 1725 3309 nominarit
1735 3263 1870 3322 tutorem,
1888 3271 1966 3326 quere
1978 3263 2033 3318 tcr·¹

348 3332 541 3404 Quotapiiciter
550 3348 587 3385 ear
596 3329 786 3402 affirmatione
799 3333 908 3386 resultet
917 3332 1043 3404 obligatio
1052 3335 1067 3387 i
1077 3336 1100 3404 5.
1117 3337 1164 3388 11.
1250 3328 1304 3383 tius
1312 3329 1441 3389 idoneum
1452 3334 1610 3406 affirmarit.
1623 3353 1650 3389 n.
1664 3336 1708 3390 33.

346 3421 473 3474 Desteta
482 3429 666 3488 personarum.
679 3414 723 3468 De
733 3429 808 3470 serso
821 3434 848 3471 se
867 3416 979 3470 liberam
997 3415 1165 3489 qffirssante.
1221 3412 1328 3482 Qatear
1343 3426 1459 3472 tutooem
1483 3418 1587 3474 dederet
1607 3419 1646 3472 ed
1664 3419 1776 3475 11111111
1799 3417 2043 3491 qffirmstionem·

371 3503 404 3568 5
424 3501 467 3552 se.
658 3535 663 3544 ,
1271 3498 1342 3554 .to.
2041 3523 2044 3536 ·

351 3585 396 3638 De
407 3580 563 3654 qffirmante
572 3597 672 3639 ecesse
682 3581 829 3638 notariam.
840 3589 863 3657 5.
877 3585 919 3637 13.
1220 3581 1263 3634 Da
1274 3600 1316 3643 eo,
1330 3581 1413 3649 quiin
1424 3583 1532 3656 judicio
1544 3595 1662 3642 tacerem
1675 3585 1788 3658 erffimat
1800 3584 1941 3642 idoneum.
1951 3592 1975 3648 5.
1986 3585 2042 3637 41.ι

348 3671 398 3723 An
412 3669 540 3724 (41111111
561 3668 836 3737 incleoblipetari’5.
848 3669 890 3722 14.
1219 3667 1262 3718 De
1275 3664 1438 3738 affirmante
1446 3667 1641 3739 fideiussorem
1660 3687 1718 3724 esre
1731 3673 1869 3726 idoneum.
1887 3669 1912 3743 5
1931 3669 1977 3724 43.

349 3753 393 3806 De
400 3752 510 3821 proprio
521 3750 631 3804 domine
642 3766 670 3802 sc
680 3752 795 3804 liberam
808 3750 981 3822 affirmante.
1002 3753 1052 3808 An
1068 3750 1165 3806 dissol-
1221 3751 1268 3803 Ad
1278 3751 1344 3820 puid
1358 3752 1401 3804 illi
1412 3753 1589 3822 obligentur?
1600 3771 1628 3808 n.
1642 3754 1687 3807 43.
2024 3767 2027 3772 ’

385 3847 430 3890 ret
441 3837 492 3891 isac
502 3835 729 3889 matrimonium?
740 3841 762 3896 5.
783 3835 825 3886 tt.
1222 3832 1292 3900 Quid
1302 3834 1328 3888 si
1335 3845 1411 3891 tutor
1419 3837 1521 3906 pupillo
1538 3837 1666 3892 alimenta
1680 3838 1816 3907 praestari
1821 3853 1900 3908 ports
1911 3839 2031 3910 censete.

348 3917 980 3992 Dea'lio,puifirbosericemqffirnsat.§.16.
1231 3973 1234 3980 ,
1256 3923 1279 3978 5.
1297 3917 1341 3970 44.

353 4005 433 4077 Quod
443 4006 468 4059 si
479 4007 530 4059 doc
539 4011 681 4072 praetentu
694 4001 732 4056 acl
742 4000 876 4071 beneficia
888 3999 991 4057 civium
1008 4003 1046 4055 sit
1063 4000 1163 4056 admis-
1218 3998 1377 4056 Conclusio.
1391 4010 1413 4067 5.
1427 4003 1469 4056 tt.

383 4079 539 4152 'sasi5.17.
1727 4125 1730 4134 .

354 4171 430 4242 Quid
443 4165 676 4244 puisebonaflde
688 4165 772 4220 ciuem
790 4165 914 4232 caetere.
929 4168 972 4222 18.
1218 4167 1243 4232 5.
1262 4168 1285 4220 t.
1359 4170 1560 4224 uemadmodum
1577 4187 1639 4227 usas
1657 4175 1788 4227 sermonis
1811 4190 1828 4224 a
1845 4172 1903 4226 nee
1926 4171 2032 4229 bomini

351 4258 396 4310 Dc
407 4273 449 4321 eo,
462 4257 512 4325 pass'
520 4269 549 4310 se
559 4253 739 4322 alienigenam
753 4249 912 4321 affirmarit.
924 4253 945 4318 5.
961 4253 1004 4303 13.
1217 4249 1406 4320 benignissime
1422 4271 1558 4324 coacesaus
1577 4257 1648 4310 iuter
1666 4253 1794 4310 beneficia
1807 4257 1921 4308 maxime
1936 4255 2033 4310 referri

350 4343 395 4395 De
414 4349 497 4394 matra
515 4336 677 4409 affirmante
695 4345 872 4402 pertumesse
890 4335 1066 4405 illegitimam.
1085 4343 1107 4400 5.
1120 4337 1164 4392 33.
1218 4331 1309 4398 debet,
1328 4335 1389 4388 dum
1409 4333 1511 4390 infiniti
1530 4337 1594 4391 inde
1611 4339 1639 4391 iu
1657 4356 1739 4408 genua
1759 4340 1901 4392 bumauuas
1928 4343 2031 4395 redon·

351 4425 382 4478 Si
389 4435 469 4492 pater
481 4442 556 4494 pacm
563 4421 653 4491 fitium
667 4417 799 4493 affirmat.
813 4427 833 4482 5.
847 4419 892 4473 31.
1217 4417 1283 4469 daut
1300 4417 1420 4485 iruetue,
1438 4430 1464 4474 et
1481 4423 1599 4489 quamuis
1618 4421 1675 4492 ipsa
1694 4423 1834 4488 uocabula,
1854 4423 1953 4492 quibua
1971 4441 2030 4478 aee·

351 4511 381 4562 Si
391 4508 451 4581 puis
463 4505 606 4581 affirmat,
617 4523 646 4558 se
658 4521 717 4558 curn
730 4503 822 4572 alim
833 4501 1014 4557 concubuisse.
1031 4499 1056 4573 5.
1066 4501 1110 4555 33.
1218 4515 1261 4552 tao
1284 4495 1432 4570 liguratur,
1453 4503 1617 4574 dependeant
1641 4505 1675 4557 ab
1699 4506 1873 4577 impositione
1898 4508 2032 4579 humana,

355 4597 492 4664 (locatum
504 4593 567 4646 daec
586 4588 743 4663 effrenatio
754 4598 897 4660 operatur,
921 4588 951 4641 in
971 4586 1166 4661 praejudicium
1219 4585 1335 4652 Quintil.
1352 4589 1437 4641 instit.
1454 4599 1525 4642 oras.
1543 4590 1588 4643 tid.
1604 4593 1629 4642 1.
1647 4607 1669 4644 e.
1692 4591 1719 4642 3.
1741 4590 1860 4644 teuent.
1877 4592 1911 4645 de
1921 4592 1981 4666 jar.
2000 4615 2033 4653 n.

388 4676 487 4746 paris.
505 4683 528 4739 5.
541 4675 586 4726 33.
1216 4677 1275 4740 etg.
1287 4668 1332 4722 ttt.
1352 4671 1378 4724 4.
1391 4689 1412 4725 c.
1426 4675 1452 4724 1.
1465 4680 1487 4736 5.
1500 4674 1526 4728 4.
1546 4685 1631 4728 tamen
1651 4673 1709 4744 ipsa
1726 4675 1835 4728 facultas
1862 4678 1989 4747 loquendi
2007 4691 2033 4738 et

353 4761 384 4812 Si
392 4771 467 4827 parer
477 4761 596 4829 spuriam
610 4754 835 4826 nominutfiliam
847 4754 1052 4828 legitimumi5
1066 4755 1110 4808 34.
1218 4771 1351 4808 sermones
1370 4755 1516 4820 miscendi,
1534 4772 1638 4810 summo
1654 4760 1765 4812 creatori
1791 4771 1897 4829 accepta
1924 4761 2032 4822 iereadu

353 4844 473 4912 Sipater
489 4861 546 4898 non
571 4841 733 4896 contradicit
754 4841 868 4908 mulieri,
886 4850 949 4912 post
973 4839 1118 4896 disortium
1136 4857 1167 4897 se
1217 4847 1273 4892 cat:
1292 4839 1329 4891 ita
1345 4855 1448 4910 quoquc
1466 4856 1551 4892 sermo
1569 4839 1771 4896 Ιι111111111ἱ1
1797 4860 1850 4897 aon
1876 4844 2035 4902 destituitur

386 4938 582 4998 praegnantem
596 4925 702 4981 dicenti.
716 4931 736 4988 5.
749 4924 793 4976 tt.
1059 4943 1061 4946 ·
1219 4919 1350 4975 effectibus
1368 4921 1448 4988 juris,
1462 4919 1526 4974 dura
1539 4939 1587 4992 pro
1607 4925 1731 4979 serietate
1755 4926 2033 5001 circumstantiarum,

353 5013 399 5068 De
409 5011 497 5067 aridae
508 5029 538 5066 se
553 5020 614 5076 post
631 5019 743 5063 mortem
768 5007 860 5062 mariti
878 5017 1074 5080 praegnantem
1088 5006 1167 5080 offir-
1218 5023 1286 5060 uana
1303 5006 1361 5072 bos,
1380 5021 1449 5058 nunc
1467 5007 1528 5060 illos
1547 5007 1604 5060 edit
1617 5007 1738 5063 allectus.
1767 5011 1839 5062 tttee
1864 5023 1936 5067 recte
1952 5015 2033 5073 Grats

388 5107 485 5148 mantc.
503 5103 526 5159 5.
538 5097 583 5149 33.
943 5087 946 5095 “
1218 5091 1251 5144 de
1258 5091 1317 5163 jar.
1336 5091 1358 5142 ὸ.
1372 5099 1398 5143 et
1407 5109 1435 5160 p.
1448 5087 1476 5144 in
1489 5090 1596 5159 proleg?
1609 5090 1627 5144 l.
1640 5093 1667 5146 7.
1689 5093 1718 5145 in
1728 5091 1788 5163 fin.
1805 5095 1942 5150 societatis
1960 5099 2032 5156 iuter

352 5180 397 5234 ῃ,
404 5177 597 5248 fippfimpp„
613 5196 641 5232 ,ρ
657 5175 882 5248 μψρψωηῑω
895 5175 1065 5248 φωρ,
1077 5175 1103 5250 5
1114 5177 1165 5232 η
1217 5165 1363 5216 hominess
1376 5174 1465 5216 astrue
1483 5163 1641 5216 constitutae
1664 5163 1713 5218 laoc
1738 5167 1869 5235 peculiare
1886 5185 1943 5222 csse
1952 5169 2032 5240 dicit,

352 5263 383 5317 Si
393 5266 485 5318 minor
496 5281 526 5318 se
545 5264 678 5333 mojorem
690 5261 826 5334 affirmet.
837 5269 859 5325 5.
872 5263 916 5316 33.
1057 5285 1060 5292 -
1216 5258 1246 5300 et
1271 5248 1477 5301 instrumentum
1496 5244 1587 5299 babeat
1603 5263 1766 5312 sermonem,
1785 5267 1832 5318 per
1848 5269 1926 5322 quero
1951 5271 2030 5310 eaeo.

356 5346 428 5414 Quid
438 5347 563 5416 sip'uroto
576 5365 604 5400 ae
614 5349 742 5422 majorem
762 5343 885 5417 quirnea·
896 5343 917 5397 it
927 5343 942 5396 ἓ
952 5345 975 5410 5.
989 5343 1033 5395 33.
1215 5334 1270 5387 lere
1282 5334 1365 5401 possit
1376 5331 1450 5383 illum
1468 5329 1632 5410 societatem,
1651 5347 1718 5399 quae
1734 5331 1838 5400 juribus
1864 5347 1970 5393 naturae
1987 5339 2030 5392 di·

357 5431 413 5497 Qua'
430 5407 629 5500 'retecturus
652 5429 774 5485 inductas
791 5446 820 5482 se
845 5427 980 5502 majorem
1003 5423 1165 5498 affirmarit·
1215 5419 1313 5486 *igilur
1330 5423 1357 5468 tl
1373 5413 1429 5467 Cle·
1446 5413 1490 5466 Εὖ.
1510 5415 1536 5466 1·
1554 5412 1588 5465 dt
1604 5412 1681 5483 mit·
1700 5431 1724 5484 e·
1751 5417 1792 5469 te.
1817 5419 1948 5490 eleganter
1973 5425 2031 5489 alt,

389 5519 412 5584 5,
430 5517 474 5568 ω,
1215 5499 1285 5569 quod
1304 5499 1395 5552 oratio
1408 5493 1537 5560 docendo,
1556 5496 1678 5560 dicendo,
1689 5501 1929 5566 communicando,
1941 5505 2028 5560 elisee·

354 5604 437 5661 0pw
446 5599 587 5677 ,mapa
603 5613 748 5659 ,mm
760 5595 881 5656 mim,
894 5595 1070 5654 mmmm.
1085 5600 1107 5661 ς,
1121 5593 1164 5652 55,
1212 5579 1333 5655 pseudo,
1345 5579 1498 5658 judicando
1514 5580 1636 5636 conciliet
1654 5581 1725 5640 inter
1742 5601 1774 5642 se
1797 5587 1928 5652 homiues.
1948 5591 2030 5661 Quid
