4346 6194
398 251 471 306 rom
913 224 1294 294 u‘rsrurauro
1330 235 1456 292 xxxiv.
1919 227 2009 282 aa·

347 363 400 402 unu
413 343 593 398 itaainenlrrua
606 341 739 411 maingale
751 336 863 392 uiolento
875 337 954 392 modo
966 336 1152 390 dissotsersso
1214 351 1271 387 rem
1296 333 1435 388 mentiret
1453 340 1482 385 et
1505 329 1661 396 adstruunt,
1684 345 1739 384 uu
1761 335 1869 382 ust-
1890 326 2074 380 dnus-s

346 431 486 492 ustnr,uti
500 429 608 496 quidem
632 430 868 494 mujuxatteutans
894 423 1078 475 homicidium.
1096 420 1164 476 Cum
1216 435 1307 472 nsusas
1324 435 1404 486 aeque
1421 412 1995 486 pareratpmtoreseiastsagais.
2011 411 2074 462 sd

343 513 432 584 itaque
446 515 529 579 maior
540 513 605 565 ratio
618 513 655 563 sit
667 511 695 562 iu
709 507 818 560 insidiis
831 509 900 558 ritae
918 506 1026 560 alterius
1044 505 1163 573 souinpis
1216 499 1298 552 etism
1317 498 1414 552 dirersi
1427 498 1548 567 umeris,
1560 499 1630 566 quand
1649 507 1724 569 pstet
1741 511 1775 548 ea
1792 493 1997 548 unm-i
2011 493 2076 564 j:-

343 599 463 662 struutis‚
477 597 574 650 merito
587 596 677 648 endem
692 592 770 646 modo
788 591 959 644 admittimus
983 591 1013 642 iu
1035 592 1085 644 lane
1103 605 1165 642 essu
1216 582 1299 652 riepr.
1317 597 1386 634 rous.
1404 599 1492 651 perus.
1510 599 1545 634 ι.
1566 584 1592 632 l.
1607 579 1637 634 d.
1662 580 1708 632 dd·
1725 581 1763 632 td.
1781 580 1828 630 36.
1844 577 1888 632 ii.
1906 595 1935 630 e.
1952 577 1991 628 1.
2012 577 2073 630 ιΕ

344 678 502 742 disortium,
514 697 567 748 qun
578 679 701 731 Christus
711 675 775 728 illud
789 674 901 726 admisit
912 673 949 726 ob
963 674 1048 728 solum
1066 673 1166 728 adulte·
1219 665 1290 719 iuter
1308 665 1374 716 alias
1392 665 1441 718 hus
1452 681 1544 718 esusas
1559 665 1692 727 admittit,
1703 661 1846 732 inquiens:
1860 661 1942 730 θέε
1960 671 2001 714 d
2010 662 2074 714 1·-

347 765 429 817 riuus.
441 763 577 815 Gulierer..
589 778 687 814 numus.
699 768 799 828 puuert·
810 757 856 808 iid-
872 759 897 807 l.
909 774 933 808 e.
948 755 992 808 di.
1215 748 1259 802 die
1274 747 1317 816 pii
1333 749 1509 817 Magistratus
1525 766 1576 812 eo,
1593 767 1649 819 paru
1666 749 1768 802 diuam
1785 756 1839 810 ed,
1860 745 1972 808 Ιοὸ,
1996 765 2071 799 ιιι

385 850 408 906 ς.
426 844 471 898 rt.
490 845 562 913 Quae
579 843 709 896 uonnexio
732 851 810 894 uteo
830 840 927 892 clarior
952 848 1095 910 appareat,
1114 840 1167 894 lm.
1217 842 1324 884 tontum
1347 850 1385 886 ea·
1408 833 1463 886 iilis
1487 845 1553 887 unte
1570 833 1725 895 recessitis,
1739 831 1789 884 red
1811 831 1899 884 etis·
1926 849 1971 884 ιι
1992 831 2074 885 sata*

348 926 447 997 primis
461 927 602 979 ridendum
620 925 653 978 de
671 936 763 978 ustura
781 923 924 988 adulterii,
942 933 969 976 et
985 939 1032 975 eur
1051 925 1168 978 Salvator
1215 917 1385 984 muniantur
1401 916 1489 968 ramis
1509 917 1552 970 uei
1561 916 1786 986 nummarias
1801 932 1853 981 pn
1865 915 2072 971 &ussu-

350 1018 442 1062 uoster
459 1007 597 1076 imprimis
614 1007 773 1060 adulterium
791 1007 939 1074 exceperit.
956 1007 1012 1076 ipsi
1038 1008 1168 1076 theologi,
1217 1003 1315 1056 tiorum
1333 1001 1466 1056 suasione
1480 1001 1602 1054 dr'uortin
1620 998 1768 1056 corradere
1783 1011 1908 1070 penu,
1921 1001 2072 1055 dnn-e-

347 1092 452 1160 quando
469 1091 501 1142 ad
520 1092 587 1144 haue
612 1091 748 1145 materiam
774 1090 945 1154 dilabuntur,
963 1101 1116 1157 arguments
1133 1107 1167 1143 ea
1217 1088 1254 1138 du
1272 1087 1338 1138 r'lloe
1353 1081 1544 1154 adfuturam,
1559 1085 1681 1138 murinas
1697 1085 1834 1138 masin·
1852 1085 1897 1136 red
1915 1085 2002 1138 oti-
2015 1103 2071 1138 en-

349 1174 408 1244 ipss
427 1186 516 1228 ustura
534 1174 656 1228 adulterii
674 1185 764 1244 peiere
781 1173 880 1241 solent,
898 1173 944 1224 ubi
969 1181 1063 1226 eontra
1084 1173 1169 1241 ponti·
1221 1171 1369 1234 lumitatesa
1387 1171 1418 1224 in
1433 1189 1500 1240 quas
1516 1170 1650 1224 alteruter
1664 1168 1725 1222 riso
1741 1169 1823 1238 eulpa
1842 1183 1896 1222 aus
1913 1179 1992 1234 pes!
2011 1187 2071 1222 ιι·

350 1253 428 1311 fisins
446 1276 496 1330 pru
514 1259 688 1312 dissolutione
714 1259 785 1311 totali
812 1256 955 1326 disputant.
975 1256 1020 1309 Sin
1038 1254 1169 1308 Gesturi.
1216 1255 1290 1324 ptius
1306 1266 1508 1308 eonsummatos
1524 1252 1621 1306 r'uer'ds'r
1636 1263 1685 1306 etc.
1697 1251 1822 1319 Eiastsaa
1839 1253 2011 1304 nimiae
2022 1269 2071 1304 es-

349 1341 384 1393 de
400 1341 508 1412 conjug.
532 1348 554 1402 ς.
574 1342 636 1394 tut.
655 1341 714 1394 iden
739 1342 824 1392 Deum
846 1340 1007 1392 adulterium
1032 1339 1168 1408 excepisse
1221 1355 1249 1390 se
1267 1339 1373 1392 ridetur
1385 1337 1534 1390 usnemu.
1545 1338 1576 1388 in
1588 1338 1669 1390 διώ.
1680 1334 1797 1388 antri*
1809 1352 1834 1386 e.
1848 1336 1895 1386 16.
1909 1333 1962 1386 abt
1976 1338 2072 1400 inmas

349 1423 459 1484 asserit,
476 1423 546 1491 qnod
564 1423 696 1476 rineulum
715 1423 909 1476 matrimoniale
927 1423 1110 1489 disrumpatur
1123 1437 1170 1489 per
1221 1423 1395 1476 divortiorum
1414 1437 1503 1474 sanus
1520 1421 1660 1490 explanat,
1672 1418 1820 1488 iride-osa
1835 1418 1933 1486 plasea
1951 1417 2070 1470 adnis-

352 1505 528 1570 sdulterinm,
546 1525 607 1560 enm
625 1523 709 1569 uror,
725 1524 791 1576 quae
814 1505 970 1566 tornicatur,
989 1505 1024 1558 sit
1043 1521 1092 1556 una
1110 1521 1172 1558 earu
1223 1508 1275 1570 tit,
1296 1507 1342 1559 sed
1369 1523 1423 1560 non
1441 1505 1561 1558 adirilsits
1582 1503 1773 1568 distinetione,
1792 1509 1885 1554 mm-
1905 1502 1969 1553 siat
1992 1505 2072 1568 ej·-

351 1605 412 1640 eum
430 1589 561 1655 arlultero,
582 1602 610 1642 et
628 1589 813 1656 maritus,qui
832 1588 990 1650 iorniestur,
1006 1587 1042 1639 sit
1060 1604 1109 1637 una
1128 1605 1170 1638 ra·
1221 1590 1281 1642 dem
1300 1607 1333 1643 sn
1352 1589 1451 1642 diuersi
1470 1588 1652 1656 genesianum
1671 1583 1802 1638 adulteria
1825 1600 1935 1638 eaesae.
1955 1587 2072 1654 Qun-

352 1689 383 1724 ro
400 1687 459 1724 eum
479 1681 572 1726 suorto.
591 1677 616 1724 l.
635 1675 699 1726 Cor.
717 1673 735 1722 6
742 1709 751 1736 ,
766 1672 809 1722 16.
829 1669 867 1721 Ea
886 1689 938 1740 qun
956 1680 1079 1740 apparet,
1096 1669 1173 1722 adul·
1225 1676 1266 1728 sis
1286 1675 1376 1743 itaque
1392 1674 1482 1726 forsan
1502 1675 1572 1738 iuste
1589 1671 1707 1724 dubitari
1727 1668 1827 1738 possit,
1845 1679 1945 1722 stru·
1964 1685 2072 1724 anua

352 1741 448 1808 terium
467 1771 525 1808 esse
550 1758 600 1808 tale
618 1757 761 1818 delicium,
780 1769 827 1823 per
849 1753 919 1822 quod
940 1752 1094 1806 immediate
1110 1753 1169 1803 rin·
1222 1757 1321 1810 dirersi
1340 1758 1461 1824 generis,
1477 1773 1544 1822 nass
1561 1772 1617 1808 nou
1633 1752 1752 1806 eandm
1765 1771 1826 1806 eun
1850 1752 2000 1805 adulteri·
2020 1756 2071 1806 δι-

352 1839 439 1890 eninm
460 1835 835 1907 nonjugsledirimitur,dum
854 1837 911 1888 seil.
930 1833 997 1888 fides
1014 1836 1173 1902 conjugalis,
1227 1840 1292 1892 beor
1311 1841 1460 1902 urionem,
1477 1838 1524 1890 irie
1540 1835 1649 1890 admitti
1668 1835 1790 1904 possint,
1803 1843 1894 1888 tans·
1915 1834 1955 1888 sa
1971 1837 2072 1888 nafis

353 1938 497 1992 perquam
515 1921 614 1990 quisse
632 1921 678 1972 nni
697 1919 787 1972 saltim
806 1917 944 1970 addixerat
963 1933 1102 1984 personne,
1117 1915 1170 1982 pla·
1225 1923 1343 1988 eiusdem
1362 1923 1469 1990 generis
1486 1921 1516 1972 id
1536 1936 1614 1972 nemo
1633 1917 1711 1972 taotts
1735 1916 1857 1988 negabit,
1875 1934 1942 1973 uun
1962 1933 2069 1976 ιοιιι

353 2020 388 2055 ue
406 2021 420 2056 a
438 2005 549 2072 nouiuge
571 2002 716 2057 iorniesnte
739 2000 862 2052 laeditur.
886 1999 983 2068 Neque,
998 1999 1071 2051 euim
1095 2017 1173 2050 unam
1227 2007 1262 2057 sit
1282 2006 1322 2059 sel
1340 2022 1374 2058 ea
1392 2004 1488 2075 primis
1512 2001 1738 2071 jurisprudentia
1764 2000 1929 2070 principiis,
1949 2004 2069 2058 ratis-a

357 2102 463 2140 earnem
482 2085 543 2141 fieri
560 2105 620 2139 eum
637 2083 758 2136 adultero
776 2086 816 2136 rel
833 2083 948 2136 adultera
975 2081 1046 2132 aliud
1070 2079 1171 2149 siguifi-
1226 2090 1293 2158 iupis
1313 2107 1381 2152 ouo,
1400 2089 1478 2142 serbe
1495 2105 1553 2140 esse
1580 2085 1756 2156 inspicienda.
1772 2083 1866 2154 iisque
1888 2103 1959 2138 m
1978 2091 2069 2144 ην.

358 2180 416 2236 ear,
433 2189 511 2241 quatu
530 2173 567 2224 its
584 2171 729 2224 dissolvere
747 2170 864 2238 priorem
876 2169 1000 2221 unionem
1013 2167 1176 2236 legitimam,
1225 2172 1415 2241 01„stth
1441 2173 1567 2226 christu,
1584 2181 1686 2223 murum
1709 2169 1871 2236 expresserit
1896 2168 2069 2226 buius..
2133 2223 2134 2226 Ἴ

357 2263 387 2306 lli
405 2253 469 2308 iude
485 2273 549 2309 lion
566 2253 631 2308 uuio
647 2253 758 2306 oriatur.
777 2251 853 2322 Qtlttti
871 2262 899 2302 ut
922 2251 1025 2320 pieniud
1043 2251 1174 2318 inteiliga-
1225 2275 1303 2322 ῃριῃ,
1316 2256 1443 2324 παριὼν
1460 2273 1522 2308 num
1541 2263 1715 2323 congruum
1727 2251 1830 2304 with!
1841 2255 2017 2322 mitre
2033 2259 2069 2312 d
2133 2237 2134 2250 i

357 2345 420 2398 tur,
446 2339 583 2406 mysticam
609 2337 852 2406 interpretationem
872 2335 951 2387 simul
973 2335 1004 2386 in
1027 2335 1174 2386 subsidium
1227 2337 1433 2391 controuersiam
1452 2334 1504 2388 sibi
1523 2334 1704 2406 propositam,
1722 2333 1786 2399 uisi,
1804 2337 1844 2386 uti
1862 2351 1949 2404 snpra
1969 2342 2069 2392 ni.

361 2417 528 2472 adducamus.
548 2419 777 2490 Quemadmodum
794 2419 866 2472 enim
885 2420 947 2470 nnio
972 2416 1177 2470 matrimonialis
1228 2431 1301 2485 tum,
1320 2421 1387 2474 duae
1404 2428 1489 2472 seelse
1505 2429 1595 2484 erant,
1614 2417 1910 2486 llillelisns,quassis,
1923 2420 2017 2474 etia.
2031 2425 2069 2476 b.

358 2510 539 2570 repraesentat
554 2503 679 2554 unionem
698 2503 831 2570 myrtinum
850 2499 954 2552 Christi
973 2517 1032 2551 eum
1050 2499 1177 2564 molesia,
1229 2505 1367 2566 sissimas,
1387 2518 1477 2556 causas
1499 2501 1661 2566 admittens,
1678 2510 1706 2554 et
1727 2499 1959 2568 sumnum..
1990 2523 2069 2560 ιιι.

358 2582 397 2636 its
414 2601 467 2638 unu
485 2601 545 2637 raro
568 2583 626 2656 ipse
650 2585 721 2637 lleus
744 2583 794 2636 ιιιδ
818 2583 934 2637 divortio
951 2582 1107 2636 adumbrare
1125 2599 1178 2652 my·
1229 2587 1284 2642 oiri
1307 2603 1398 2656 praees
1415 2597 1441 2640 et
1465 2583 1626 2640 adulterium
1645 2599 1691 2636 sen
1708 2582 1818 2636 totalem
1842 2583 2065 2642 dissolutio-e.

359 2669 429 2720 stiee
445 2669 528 2722 soluit
548 2667 684 2721 hominnm
711 2665 869 2738 perfidiam,
888 2677 914 2718 et
938 2667 1127 2719 dimersionem
1145 2665 1178 2718 ιδ
1229 2671 1327 2727 vinculi
1354 2670 1499 2740 eonjupslis
1523 2668 1668 2722 iniereutea
1690 2683 1781 2720 nsusss
1806 2667 1966 2737 respiciens.
1987 2673 2065 2741 Qui

357 2752 456 2805 unione
472 2768 532 2804 mm
550 2769 655 2805 summo
674 2753 746 2816 Deo,
763 2768 816 2819 quo
834 2749 970 2818 imprimis
987 2759 1086 2818 spectat
1104 2751 1175 2802 Eue·
1230 2755 1319 2824 itaque
1337 2752 1542 2808 seu-unauna
1562 2750 1652 2802 schola
1676 2747 1835 2800 admittebat
1854 2750 2065 2819 turpitudine·
2134 2795 2136 2808 ι

356 2834 401 2884 eis.
419 2833 464 2886 16.
479 2851 532 2899 per
547 2844 643 2887 totum.
662 2833 734 2903 Quid
759 2843 845 2886 sutem
872 2844 912 2884 est
929 2831 996 2885 illud
1021 2833 1178 2885 adulterium
1230 2857 1279 2909 pru
1295 2842 1364 2907 justa
1383 2836 1492 2889 diuortii
1511 2850 1609 2894 nausa,
1627 2831 1691 2884 ltine
1708 2841 1779 2903 patet
1803 2829 1961 2896 euidenter,
1981 2835 2066 2890 Clari-
2135 2839 2136 2900 J

357 2917 498 2986 spirituale
513 2919 604 2982 eliud,
621 2935 700 2986 quam
718 2917 826 2971 uiolatio
844 2916 1035 2970 loedoriarum
1056 2917 1112 2970 Deo
1130 2917 1181 2969 ini·
1230 2934 1300 2976 stum
1320 2923 1387 2977 haue
1403 2921 1556 2990 opinionem
1575 2917 1747 2986 approbasse,
1760 2915 1857 2969 ntideo
1868 2915 2004 2970 adulterii
2018 2938 2065 2974 ses

359 2999 380 3052 ti
393 2995 407 3050 i
420 2997 488 3070 Ergo
499 3009 527 3052 et
536 2999 694 3054 adulterium
714 3017 803 3052 rerum
816 3015 861 3052 sen
874 3001 982 3070 proprie
1000 2999 1100 3052 dietum
1119 3017 1179 3054 rou·
1230 3007 1353 3077 supprior
1369 3003 1528 3060 mentionem
1548 3000 1651 3056 iusisse.
1663 3001 1768 3056 Seldeu.
1785 3001 1912 3056 aleator.
1923 3003 2006 3056 dede.
2018 3007 2067 3060 lib,
2134 3021 2136 3030 ·

364 3081 439 3134 sistit
457 3081 485 3134 iu
505 3083 622 3137 laesione
633 3083 733 3136 rineoli
745 3083 908 3152 conjugalis,
922 3100 968 3136 seu
981 3094 1040 3138 actu
1058 3085 1121 3147 tali,
1135 3099 1182 3154 per
1232 3094 1257 3144 ιι.
1274 3109 1298 3146 e.
1317 3092 1361 3144 22
1380 3089 1532 3156 Respondet
1548 3103 1611 3156 ergo
1629 3085 1752 3137 Christus
1771 3095 1872 3136 ιιιιιιιι
1891 3089 1928 3138 sd
1948 3089 2000 3140 illa
2021 3108 2065 3143 ea-

362 3182 442 3236 quem
462 3165 601 3221 dirimitur
620 3168 683 3220 unio
701 3167 771 3219 inter
789 3171 922 3236 conjuges.
1231 3171 1352 3244 pita,de
1363 3171 1460 3241 quibus
1475 3180 1536 3223 tune
1557 3169 1685 3240 temporie
1702 3168 1881 3222 neutrurersia
1899 3182 1979 3234 erat,
2000 3175 2067 3226 scil.

396 3247 484 3314 528.
502 3249 729 3318 Quemadmodum
750 3251 838 3319 itaque
855 3268 888 3302 ea
913 3251 1036 3304 haetenus
1054 3248 1182 3304 deelarsta
1231 3257 1264 3309 de
1289 3256 1439 3310 minoribus
1464 3255 1562 3306 esuries
1581 3271 1633 3306 unu
1657 3252 1727 3322 quod
1750 3251 1830 3304 unies
1847 3251 1968 3306 diuortia
1997 3259 2068 3310 selit
2135 3255 2136 3280 ³

361 3341 456 3384 ustura
474 3333 597 3385 adulterii
616 3345 739 3404 apparet,
759 3335 918 3388 Salratorem
937 3335 997 3388 ideo
1014 3337 1047 3388 ab
1066 3335 1180 3388 indisso·
1234 3342 1394 3410 :astringere
1410 3342 1443 3394 ad
1462 3338 1631 3392 adulterium.
1648 3336 1740 3406 lisque
1764 3337 1837 3390 euius
1860 3353 1984 3404 unquam
2014 3345 2066 3392 ds-

362 3415 497 3469 inbilitate
514 3416 631 3484 conjugii
650 3415 787 3485 excepisse
803 3417 977 3480 adulterium,
994 3417 1056 3487 quis
1074 3417 1112 3470 sit
1131 3418 1182 3468 tals
1235 3427 1308 3479 bium
1327 3433 1384 3477 mr
1398 3422 1466 3494 apud
1479 3422 1600 3491 judaeos,
1613 3417 1724 3472 iusidias
1735 3418 1807 3478 ritae
1824 3427 1941 3470 assuetas
1958 3423 2064 3487 justam

363 3494 508 3562 delictum,
528 3514 574 3567 per
590 3497 660 3568 quand
680 3497 833 3551 immediate
859 3507 886 3550 et
905 3499 1027 3568 proxime
1045 3495 1183 3551 dirimitur
1238 3526 1296 3564 3„
1313 3523 1418 3559 uuam
1437 3504 1596 3558 diomlooudi
1625 3501 1844 3564 matrimonium,
1861 3499 1908 3552 sed
1929 3503 1984 3558 hoe
2004 3517 2064 3558 a...

363 3579 453 3649 ipsum
481 3583 617 3634 uinculum
642 3582 790 3650 coujugale,
814 3582 850 3637 ita
876 3600 930 3634 nou
957 3583 1101 3653 putandum
1128 3593 1182 3646 est,
1235 3603 1290 3645 rum
1309 3589 1338 3642 iu
1363 3588 1571 3642 nontrorersiam
1597 3583 1754 3649 ducebatur,
1773 3600 1808 3637 att
1830 3585 1942 3652 quaeris
1968 3604 2066 3656 esu,

365 3664 452 3717 Deum
470 3665 655 3719 tautummodo
674 3667 832 3734 restringere
849 3683 921 3718 susm
936 3677 1049 3720 mentem
1069 3664 1182 3720 solutae·
1238 3689 1270 3725 ao
1288 3689 1350 3726 pem
1370 3681 1470 3725 tautum
1489 3671 1627 3740 turpitudo
1645 3667 1726 3720 iaeist
1742 3665 1859 3722 diuortio
1876 3669 1978 3724 ineram

363 3747 397 3800 ad
415 3747 589 3814 adulterium,
608 3765 668 3800 eram
687 3749 755 3801 ratio
772 3748 822 3800 sub
839 3761 963 3818 nuneeptu
981 3748 1104 3801 adulterii
1123 3747 1171 3800 lati
1277 3751 1301 3824 5.
1320 3755 1364 3806 dd.
1383 3753 1475 3804 Posset
1492 3749 1598 3819 quidem
1618 3765 1666 3820 pro
1684 3749 1816 3802 sententia
1840 3749 1889 3804 irae
1904 3769 1998 3823 φης
2016 3755 2065 3808 d.

369 3839 426 3882 taus
450 3833 487 3884 sit
511 3833 606 3897 latior,
622 3848 699 3900 qnam
726 3840 755 3882 nt
780 3833 835 3884 solo
859 3829 988 3883 adulterio
1005 3831 1184 3884 ooucludatnr·
1235 3837 1313 3902 duri,
1330 3836 1400 3909 quod
1413 3835 1516 3888 ·emditi
1535 3833 1620 3887 adhue
1631 3832 1766 3904 disputent
1778 3836 1813 3887 ds
1829 3833 1970 3888 intelleers
1990 3841 2066 3893 soris

365 3910 468 3982 Quodsi
491 3913 543 3979 ism
568 3913 733 3967 eonirramns
758 3911 916 3966 insidiarum
941 3914 1010 3966 ritae
1027 3922 1183 3966 structarum
1235 3937 1373 3994 popussag,
1392 3928 1479 3972 utrum
1497 3917 1619 3975 uidelicet
1635 3917 1718 3970 solnm
1736 3916 1865 3970 delictum
1882 3917 2014 3972 adnuerii
2027 3925 2067 3976 sel

369 4005 490 4049 naturam
509 4014 568 4049 enm
582 3997 673 4049 indole
690 3995 828 4072 adulterii,
841 3998 931 4050 neseio
948 4015 982 4050 au
997 3997 1100 4051 diuersa
1112 3997 1184 4051 inter
1238 4003 1395 4060 eonmbitus
1414 4001 1520 4065 itttetrt,
1533 4019 1567 4054 sn
1585 4018 1647 4054 rero
1664 4013 1690 4054 et
1703 4001 1862 4070 slismsjnra
1877 4002 1980 4056 delicta
1994 4023 2068 4060 ron-

368 4087 507 4150 utrumque
526 4096 614 4132 rasum
635 4081 720 4150 possit
736 4080 879 4150 excogitari
898 4079 982 4146 ratio,
1000 4099 1081 4150 quum
1099 4081 1186 4136 sdhnn
1237 4087 1402 4158 prehendet,
1421 4101 1488 4153 qnae
1504 4083 1569 4136 alias
1587 4083 1616 4136 in
1634 4087 1763 4152 seriptum
1786 4102 1807 4138 s.
1824 4086 1953 4139 uenabulo
1973 4089 2063 4142 inrui·

365 4161 460 4214 durius
485 4173 508 4216 et
535 4161 676 4216 stoteurius
702 4163 822 4218 rideatur
846 4163 907 4233 quis
930 4163 1034 4216 laedere
1052 4166 1184 4218 rineulum
1237 4167 1347 4221 cationis
1365 4167 1485 4220 denotari
1504 4168 1600 4218 aulrnt.
1619 4183 1643 4218 r·
1663 4165 1768 4218 selden.
1786 4165 1821 4220 aie
1838 4185 1889 4218 ux.
1909 4167 1990 4222 deit.
2014 4171 2062 4225 tid

366 4244 561 4299 matrimoniale
572 4263 618 4314 per
636 4245 748 4298 insidias
766 4248 837 4299 ritae
854 4257 979 4308 structas,
991 4265 1069 4318 quam
1088 4266 1185 4318 perso
1241 4253 1266 4303 ³.
1279 4269 1302 4304 e.
1316 4251 1359 4302 2⁸.
1371 4261 1398 4304 et
1411 4252 1456 4303 31.
1470 4247 1597 4302 Burtnrd‘.
1610 4248 1773 4320 desponsari·
1790 4259 1818 4302 et
1834 4249 1932 4302 divort.
1948 4271 1979 4322 p.
1999 4253 2063 4320 ip.

366 4329 422 4379 lum
449 4329 615 4382 adulterium.
635 4327 694 4381 Nou
720 4330 792 4383 euim
812 4331 893 4384 alium
917 4330 952 4382 nb
968 4327 1050 4384 finem
1076 4332 1188 4384 iusidias
1240 4335 1302 4388 128.
1314 4334 1399 4386 Sinuti
1411 4333 1492 4386 etiam
1505 4346 1617 4382 annues
1628 4347 1716 4384 roeem
1732 4347 1853 4400 nuperius
1870 4331 2065 4388 tatessrtsax·

366 4413 433 4464 ritas
451 4413 571 4482 conjugis
589 4411 657 4465 alter
675 4413 771 4478 rnninr
790 4413 884 4474 struit,
904 4431 983 4482 quam
1003 4423 1031 4466 ut
1050 4414 1113 4468 relit
1129 4414 1184 4468 dis·
1242 4417 1368 4481 trudunt,
1386 4413 1640 4484 comprehendentes
1658 4413 1735 4466 etiam
1748 4410 1852 4465 subilla
1870 4411 2062 4472 idololatriam.

368 4509 493 4564 rumpere
509 4495 640 4550 uinculum
662 4495 807 4562 conjugale.
824 4495 847 4546 E
865 4498 995 4548 contrario
1020 4514 1100 4560 uror,
1124 4515 1189 4566 quas
1240 4516 1263 4551 s.
1282 4516 1304 4550 e.
1317 4497 1475 4551 idololatru-
1487 4513 1509 4548 c.
1523 4512 1580 4546 nnn
1590 4495 1724 4548 solemn.
1738 4494 1783 4546 28.
1799 4513 1844 4564 pa.
1863 4497 1887 4546 l.
1899 4499 2005 4550 Verum
2027 4503 2062 4554 il-

369 4578 530 4642 ioruiostur,
551 4595 628 4648 saepe
645 4578 859 4631 intentionaliter
883 4597 935 4630 non
958 4579 1103 4632 committit
1118 4581 1188 4636 hune
1240 4583 1291 4634 larn
1310 4582 1513 4634 rnntrorersisru
1533 4579 1627 4632 lubens
1639 4581 1764 4632 intactam
1784 4579 1920 4648 relinquo,
1940 4591 1965 4632 et
1983 4581 2063 4636 insta-

369 4673 474 4725 setnm,
487 4663 560 4729 qussi
580 4663 609 4714 in
628 4671 711 4714 totum
730 4662 793 4714 relit
812 4663 955 4716 dissolvere
974 4665 1188 4732 matrimonium,
1239 4665 1321 4717 striae
1338 4663 1489 4715 criticorum
1509 4677 1620 4715 reservo.
1639 4661 1694 4714 std.
1712 4659 1823 4714 interim
1842 4659 1924 4714 Gerb-
1940 4663 1973 4714 de
1991 4683 2061 4718 cera.

369 4747 415 4800 sed
436 4757 467 4800 ul
492 4747 600 4799 libidini
622 4763 683 4799 suae
707 4756 806 4799 tantum
832 4745 980 4815 indulgeat,
1000 4751 1120 4817 quamuis
1138 4748 1191 4803 rlia-
1233 4748 1294 4822 jug.
1319 4748 1343 4813 §.
1370 4747 1433 4798 666,
1455 4745 1525 4798 tttud
1544 4755 1629 4800 tamen
1646 4743 1714 4799 bene
1730 4762 1744 4796 a
1762 4745 1927 4813 praelaudato
1945 4747 2062 4804 Gulas-

371 4833 466 4886 solutio
485 4831 652 4885 matrimonii
669 4829 718 4882 sub
736 4829 786 4884 ison
805 4843 860 4882 artu
877 4831 1046 4885 contineatur.
1241 4831 1275 4884 do
1292 4829 1335 4882 eit.
1348 4829 1402 4883 loe.
1418 4829 1517 4882 dietum
1537 4845 1594 4880 esse
1619 4839 1701 4896 puto,
1717 4826 1846 4896 quaedam
1870 4843 1927 4880 esse
1944 4830 2060 4884 erimina

410 4921 432 4979 ς,
451 4917 496 4968 29.
515 4916 575 4985 Quo
601 4915 660 4986 ipso
684 4923 772 4968 tamen
790 4930 840 4968 una
857 4931 909 4966 nou
935 4913 1141 4970 intromittimus
1161 4919 1190 4972 iu
1239 4913 1370 4965 adulterio
1387 4912 1526 4982 graviora,
1545 4913 1586 4966 rel
1605 4909 1691 4965 saltim
1717 4911 1834 4980 aequalis
1861 4923 1981 4976 περιείη
1998 4915 2062 4984 lepis

370 4997 444 5052 illam
462 4999 663 5052 noutrorersism
683 4998 747 5050 satis
765 4997 873 5050 arduam
891 5006 918 5048 et
935 4997 1058 5066 agitatam
1078 5008 1130 5052 tam
1152 5001 1190 5056 iu-
1241 4997 1363 5059 divinoe,
1379 5014 1439 5050 eum
1459 4998 1531 5064 eujus
1549 5011 1641 5049 norma
1659 5005 1686 5047 et
1703 4996 1789 5064 regida
1806 5005 1941 5066 pugnant,
1959 4997 2012 5049 alia
2024 5017 2060 5054 ra·

371 5092 413 5136 ter
432 5085 567 5151 theologos
583 5099 661 5152 quem
678 5085 753 5136 delos
764 5117 771 5146 ,
782 5093 867 5136 utrum
885 5083 951 5133 aliae
968 5089 1072 5152 prseter
1090 5081 1191 5138 adulte·
1241 5089 1330 5146 speetu
1347 5081 1482 5152 conjugii,
1501 5080 1575 5146 errius
1592 5077 1724 5130 siueutuu
1743 5075 1870 5130 dirimere
1887 5077 1995 5131 delseut.
2013 5082 2061 5136 lie·

369 5166 440 5236 rium
459 5183 549 5220 musas
566 5167 598 5219 ad
616 5167 762 5222 disortium
783 5163 929 5219 iaciendum
943 5169 998 5219 sint
1017 5165 1139 5232 idonens,
1152 5170 1192 5222 sel
1241 5175 1284 5234 gat
1303 5181 1364 5218 rem
1382 5181 1434 5216 uon
1454 5163 1487 5215 de
1505 5161 1633 5232 grauitate
1650 5173 1675 5214 et
1685 5161 1840 5230 aequalitate
1857 5159 2018 5217 delicturum
2032 5167 2060 5218 iu

371 5262 461 5303 utrum
481 5253 651 5321 magistratus
668 5252 756 5304 uirilis
774 5252 839 5304 alias
856 5261 961 5322 praeter
978 5249 1136 5306 adulterium
1152 5254 1190 5306 di·
1244 5249 1328 5321 priori
1347 5265 1425 5302 sensu
1444 5247 1489 5300 ltin
1506 5246 1566 5316 spi,
1585 5243 1630 5298 sed
1650 5245 1678 5298 iu
1697 5243 1857 5313 posteriori,
1870 5257 1992 5315 respeetn
2004 5253 2059 5302 seit.

369 5335 449 5390 rortii
469 5353 558 5389 esusas
576 5340 634 5406 lege
651 5335 756 5404 publiea
775 5337 921 5406 approbsre
937 5337 1030 5406 possit.
1044 5339 1099 5391 llas
1117 5337 1189 5391 enirn
1241 5334 1273 5386 sd
1292 5335 1442 5402 eonjugium
1461 5331 1564 5392 habito,
1580 5347 1634 5399 quo
1651 5325 1749 5392 reiert,
1768 5327 1969 5394 bestiolitsteaa,
1987 5333 2060 5384 sudu¹

367 5419 535 5488 quaestiones
555 5431 617 5472 suut
633 5419 751 5473 diuersae
768 5419 970 5488 abilla,quam
990 5421 1114 5474 haetenus
1133 5431 1187 5472 tra·
1241 5417 1341 5482 miam,
1359 5419 1498 5471 ineestnm.
1527 5415 1696 5484 dpplioemus
1713 5431 1775 5466 rero
1802 5417 1854 5481 iam
1873 5413 1943 5466 tuse
1963 5413 2057 5468 distin-

370 5505 517 5567 erasimus,
534 5519 622 5555 annun
640 5503 763 5557 videlieet
779 5503 828 5556 sub
848 5503 979 5557 adulterio
1003 5505 1070 5556 alise
1087 5502 1189 5558 similes
1242 5501 1355 5553 ertuuun
1373 5499 1407 5555 ad
1432 5512 1551 5552 nostrum
1570 5513 1657 5549 essum
1676 5495 1710 5548 da
1733 5497 1839 5550 insidiis
1865 5497 1935 5548 ritae
1953 5499 2059 5554 alterius

371 5601 396 5647 et
413 5585 531 5658 ejusdem
545 5585 654 5656 genen's
665 5597 692 5642 et
708 5595 826 5642 natum
844 5588 947 5644 lateant·
965 5585 1034 5643 lism
1052 5585 1098 5657 qui
1117 5587 1187 5659 prio
1242 5585 1363 5654 structis,
1380 5593 1408 5639 et
1430 5585 1489 5640 siue
1513 5581 1594 5636 dubio
1611 5597 1691 5652 aeque
1712 5595 1790 5652 grase
1812 5589 1853 5634 est
1869 5580 2017 5650 delictum,
2034 5603 2060 5638 ae
