4414 6188
896 365 1229 444 ntsett'xarto
1256 363 1441 440 SEXTA

386 568 720 703 tnttttnutt
755 565 1255 680 ununtnnnntt
1292 558 1967 679 nunauntttntttttt

821 733 1527 874 nunnuntttunttt,

1038 980 1070 1025 D·
1094 979 1170 1024 NOV·
1194 978 1326 1020 lucent.

980 1152 1371 1196 natantium!

668 1300 925 1372 Fntnstttco
947 1301 1150 1372 CUPNER.
1174 1299 1467 1370 androtione.
1492 1297 1680 1366 BottUSS.

903 1595 1458 1642 ...ψ-ι·-

986 1837 1360 1908 INGRESSUS.

339 1961 477 2092 Muris
500 2032 564 2106 est,
590 2022 729 2114 ejusque
749 2043 849 2112 quam
876 2020 1070 2114 frequenter
1091 2018 1258 2110 usurpati,
1279 2016 1563 2084 dissertationibus
1585 2016 1774 2084 academicis
1800 2013 2009 2106 praemittere

338 2109 571 2198 praefationes,
597 2111 633 2177 iu
663 2111 789 2204 quibus
820 2112 992 2179 maximam
1023 2129 1147 2202 partem
1178 2108 1220 2175 de
1242 2109 1439 2196 'necessitate
1469 2121 1503 2173 et
1533 2107 1673 2174 utilitate
1705 2107 1887 2190 materiae,¹
1908 2127 2025 2196 quam

339 2197 403 2264 sibi
429 2201 629 2267 tractandam
651 2227 837 2293 sumpsere,
866 2203 962 2267 verba
990 2201 1131 2278 faciunt,
1149 2211 1250 2288 atque
1267 2201 1309 2264 ita
1325 2198 1514 2263 institutum
1539 2195 1704 2264 scribendi
1727 2195 1904 2262 lectoribus
1922 2217 2011 2259 com·

338 2287 495 2355 mandare
519 2314 645 2357 summa
669 2316 731 2380 cpe
753 2292 910 2360 nituntur
925 2306 1082 2358 auctores.
1100 2289 1170 2356 Nou
1196 2289 1349 2380 equidem
1370 2285 1565 2378 negligenda
1587 2287 1639 2354 vel
1663 2287 1886 2377 postponenda
1911 2305 2011 2373 opera

341 2399 473 2458 corum,
494 2383 556 2471 qui
585 2379 619 2445 id
647 2384 878 2471 praecaeteris
904 2381 968 2448 sibi
989 2379 1111 2472 negotii
1143 2379 1213 2443 dari
1238 2379 1399 2457 credunt,
1427 2375 1501 2442 aliis
1524 2391 1559 2444 ut
1577 2376 1705 2466 placere
1738 2375 1888 2466 possint,
1908 2395 2009 2464 qnos·

338 2491 480 2556 cumque
508 2485 709 2558 componunt
732 2470 877 2552 labores,
902 2493 945 2534 ue
973 2493 1013 2534 ue
1043 2465 1201 2558 culpandi
1230 2466 1297 2548 illi,
1320 2471 1380 2558 qui
1397 2469 1487 2555 ¹aptis
1517 2471 1689 2555 prooemiis
1710 2467 1745 2531 in
1772 2467 1912 2531 aliorum
1937 2486 2012 2556 gra·

340 2557 421 2620 tiam
458 2581 492 2624 se
524 2563 691 2628 insinuare
723 2560 879 2642 studentq
910 2493 1153 2649 indulgendum
1188 2581 1355 2646 namque,
1392 2572 1431 2620 nt
1459 2557 1594 2623 formam
1627 2560 1772 2647 quisque
1809 2555 1938 2646 ingenii
1975 2554 2011 2617 in

338 2645 511 2712 scribendo
540 2645 711 2734 exltibcat3
738 2648 763 2712 ii
796 2659 922 2732 tamen,
953 2649 1013 2738 qui
1043 2645 1186 2712 subinde
1215 2649 1439 2712 necessitatem
1472 2665 1505 2712 et
1537 2647 1713 2712 utilitatem
1748 2670 1882 2712 suarum
1910 2656 2012 2710 mateq

342 2736 466 2806 riarum
495 2737 678 2814 extollunt,
704 2759 766 2803 nse
786 2735 834 2801 illi
866 2759 983 2828 parum
1009 2737 1191 2804 verecunda
1220 2737 1419 2803 tractationis
1445 2759 1521 2802 suus
1539 2749 1671 2826 ponunt
1698 2737 1876 2824 principia,
1903 2748 1937 2800 et
1961 2755 2012 2798 eo-

341 2847 418 2890 rum
447 2827 503 2891 alii
533 2850 582 2892 rna
610 2829 635 2889 is
660 2825 766 2891 forsan
792 2849 832 2892 ea
862 2826 1121 2910 consuetudine,
1148 2851 1248 2916 quam
1280 2829 1470 2893 necessitate
1501 2829 1544 2892 ita
1574 2825 1733 2917 praefari,
1766 2825 1820 2889 alii
1845 2845 1929 2890 'sero
1951 2823 2011 2889 de-

342 2913 427 2981 fectu
454 2849 641 2982 commodae
666 2916 822 2982 materiae
846 2915 975 2982 dicendi
1000 2917 1039 2982 ad
1065 2917 1249 2984 istiusmodi
1268 2927 1520 3008 argumentum,
1547 2915 1637 3006 quod
1659 2915 1725 2980 fere
1745 2916 1780 2979 in
1802 2937 1916 2981 omues
1941 2927 2012 3002 pot·

341 3023 389 3070 cst
415 3007 582 3072 transferri
618 3029 748 3085 causas,
771 3027 940 3072 recurrere
968 3005 1142 3093 videntum
1168 3007 1322 3096 idemque
1348 3020 1410 3070 tam
1431 3029 1526 3096 saepe
1548 3005 1758 3082 factitarunt,
1781 3018 1917 3096 tamque
1946 3002 2012 3070 fre·

341 3110 486 3186 quanter
515 3097 577 3186 jam
601 3105 824 3187 usurparunt,
849 3107 885 3160 ut
907 3098 980 3187 jure
1011 3102 1196 3187 meritoque
1220 3094 1351 3162 taudem
1381 3095 1512 3161 modum
1534 3097 1578 3163 ab
1609 3096 1650 3161 iis
1682 3117 1811 3184 poscere
1839 3115 1956 3187 quaest
1974 3119 2012 3162 en

342 3185 464 3290 magis,
491 3184 588 3270 dum,
614 3189 673 3277 qui
706 3187 751 3251 ita
785 3188 1049 3273 prooemiantur,
1079 3187 1220 3254 aliorum
1246 3185 1369 3276 judicio
1399 3207 1473 3251 suos
1499 3187 1643 3253 eximere
1666 3184 1810 3264 labores,
1839 3199 1941 3275 atque
1964 3184 2011 3250 ita

343 3275 579 3365 anticipando,
608 3274 698 3366 quod
723 3275 764 3339 ab
789 3275 864 3340 aliis
888 3289 1057 3364 expectare
1084 3275 1268 3362 debebant,
1291 3275 1420 3342 sibimet
1445 3276 1527 3364 ipsis
1557 3275 1712 3342 exhibere
1744 3275 1901 3342 ridentur
1923 3273 2012 3366 judi·

340 3366 443 3432 ciuus.
473 3363 570 3431 Istius
601 3367 718 3446 moris,
749 3375 786 3429 ut
818 3387 885 3428 non
925 3365 1005 3430 uduo
1034 3389 1105 3432 sum
1137 3383 1260 3432 aruatos
1289 3366 1332 3430 ita
1362 3388 1422 3430 nec
1453 3368 1525 3456 ejus
1554 3368 1697 3432 imitator
1725 3389 1792 3434 esse
1819 3365 1940 3449 debui,
1971 3389 2011 3430 ne

370 3454 474 3544 ropria
509 3475 560 3518 nae
598 3453 769 3546 redarguat
804 3452 921 3542 culpa,
951 3467 983 3520 et
1008 3476 1071 3537 ne,
1100 3455 1187 3547 quod
1219 3452 1254 3519 in
1274 3452 1348 3520 aliis
1371 3457 1571 3546 improbavi,
1606 3457 1743 3544 ipsemet
1769 3458 1861 3545 sequi
1889 3456 2008 3522 ridear.

342 3479 567 3612 ilibilomiuus
586 3567 628 3608 ne
652 3547 778 3610 aniuros
799 3567 931 3624 eornm,
952 3543 1012 3634 qui
1042 3543 1274 3612 consuetudini
1309 3539 1476 3635 praefandi
1509 3545 1640 3612 adducti
1668 3545 1862 3628 adbaerent,
1887 3547 2012 3634 inipso

343 3635 460 3701 limine
484 3631 663 3712 ofleudam,
694 3633 742 3700 rel
771 3657 942 3699 censuram
972 3635 1136 3723 ipsorum,
1161 3635 1220 3724 qui
1251 3635 1322 3702 sine
1342 3634 1600 3724 praefationibus
1621 3660 1865 3726 quamcumque
1891 3650 2009 3703 tracta·

345 3727 469 3790 tiorrem
493 3721 749 3811 imperfectionis
769 3737 934 3814 arguunt,
962 3729 1088 3813 primae
1113 3728 1284 3792 incurrant
1310 3724 1437 3800 lineae,
1464 3749 1562 3813 pauca
1588 3724 1728 3815 praefari
1754 3726 1933 3809 curastitui3
1955 3749 2012 3790 ne·

344 3817 432 3882 scius
465 3835 507 3878 an
543 3811 740 3900 professione
772 3815 928 3891 instituti,
959 3813 1013 3882 vel
1039 3817 1215 3882 occasionis
1244 3814 1410 3880 scribendi
1438 3815 1528 3880 labor
1561 3815 1650 3882 hicce
1687 3839 1779 3880 meus
1807 3819 1986 3882 excusatior
1998 3862 2012 3896 ,,

345 3907 465 3998 gratior
487 3902 536 3966 sel
566 3899 727 3968 laudatior
751 3901 886 3968 futurus
912 3906 964 3970 sit.
983 3903 1116 3971 Scilicet
1142 3905 1183 3972 de
1214 3903 1346 3970 materia
1373 3903 1461 3970 haud
1486 3903 1636 3970 dissimili
1660 3918 1737 3970 ante
1760 3929 1863 3970 annos
1889 3907 2009 3995 trigin-

346 4010 395 4074 ta,
414 4007 447 4058 et
472 3989 561 4082 quod
591 3992 756 4072 excurrit,
781 3992 991 4071 subendam,
1015 4016 1085 4083 quo
1105 4017 1166 4082 ego
1184 4006 1272 4076 utor,
1288 3995 1451 4083 praesidio
1467 3997 1501 4059 in
1518 3993 1680 4061 academia
1710 3993 1874 4080 riadrina,
1904 4018 2009 4084 quae·

344 4084 421 4150 dam
449 4081 627 4150 meditatus
649 4092 697 4149 est
721 4085 929 4149 venerandus
961 4107 1078 4173 parcns
1102 4107 1215 4166 meus,
1245 4087 1383 4174 ejusque
1412 4083 1454 4149 de
1483 4083 1644 4150 fortalitiis
1670 4083 1780 4149 habita
1805 4083 2009 4168 dissertatio,

346 4177 433 4240 inter
467 4189 681 4238 monumenta
712 4171 906 4254 academica,
931 4197 1018 4262 quae
1040 4173 1291 4239 celeberrimum
1320 4172 1586 4240 excellentissimi
1620 4175 1679 4239 dn.
1707 4174 1864 4262 praesidis
1888 4197 2008 4244 nomen

346 4260 610 4356 praeseferunt
637 4260 805 4326 uolumine
835 4285 864 4329 t.
891 4263 989 4329 relata
1011 4274 1113 4328 extat:
1138 4261 1349 4329 advertebam
1376 4263 1502 4341 statim,
1526 4287 1602 4328 uum
1626 4265 1773 4330 animum
1799 4263 1839 4328 ad
1863 4263 2009 4332 scriben-

346 4355 426 4421 dum
446 4349 662 4442 appellarem,
686 4360 848 4441 quantum
868 4353 1015 4419 fortunae
1035 4353 1104 4431 isti,
1123 4377 1189 4442 qna
1209 4375 1248 4417 ex
1275 4375 1332 4420 ore
1360 4355 1444 4418 tanti
1469 4355 1551 4434 siri,
1570 4355 1743 4420 scientiam
1770 4353 1853 4444 juris
1875 4356 2012 4426 haurire

341 4445 456 4526 licuit,
480 4463 682 4508 accessurum
707 4457 811 4526 esset,
838 4444 863 4509 si
887 4441 950 4508 sub
978 4447 1047 4535 ejus
1071 4442 1223 4531 auspiciis
1244 4443 1375 4532 publica
1402 4442 1583 4535 cademque
1608 4445 1797 4510 disserendi
1824 4445 1905 4512 mibi
1931 4463 2011 4512 cous

344 4537 488 4626 tingeret
509 4529 660 4610 facultas,
680 4541 711 4595 ut
736 4529 890 4611 felicitas,
916 4557 982 4623 qua
1003 4555 1118 4621 parens
1139 4557 1232 4598 meus
1255 4544 1332 4598 aute
1355 4545 1403 4599 tot
1423 4533 1524 4600 lustra
1543 4536 1692 4626 gavisus,
1709 4534 1895 4626 judicabam
1916 4557 2009 4625 prae-

347 4642 449 4703 terea,
484 4642 550 4688 unu
581 4625 797 4712 incongruum
824 4621 908 4706 fore,
931 4628 956 4689 si
980 4623 1148 4689 materiam
1170 4620 1257 4690 baud
1284 4622 1477 4690 dissimilem
1504 4647 1520 4689 a
1544 4637 1678 4715 paterno
1699 4625 1757 4692 illo
1790 4625 1932 4691 tbonrate
1951 4626 2012 4691 eli-'

346 4741 474 4805 gesem,
498 4730 590 4781 ratus
620 4712 701 4778 illud
728 4710 891 4798 exemplar
919 4713 1001 4780 milti
1024 4713 1205 4801 optimum,
1226 4707 1316 4804 quod
1338 4713 1417 4779 mibi
1442 4715 1766 4804 conjunctissimum,
1788 4737 1933 4805 eumque
1953 4739 2009 4804 po-

347 4809 511 4873 tissimum
544 4800 764 4878 imitandum,
784 4801 837 4866 cui
861 4815 973 4870 natura
1000 4827 1054 4869 nte
1082 4804 1184 4870 voluit
1215 4826 1282 4870 esse
1307 4801 1523 4870 simillimum.
1555 4807 1686 4872 Annuit
1712 4829 1777 4871 non
1806 4817 1932 4871 tantum
1957 4807 2009 4872 vir

347 4895 653 4978 excellentissimus,
674 4913 773 4982 quum
793 4891 899 4976 potius
917 4893 1061 4960 consiliis
1078 4895 1145 4960 suis
1160 4887 1328 4960 auctorati
1352 4894 1385 4960 id
1410 4893 1597 4961 faciendum
1616 4893 1700 4977 tuis,
1715 4894 1865 4986 adeoque
1884 4895 2009 4960 utrius-

347 5009 415 5072 que
445 4986 511 5048 voti
547 5006 674 5072 compos
700 4980 824 5056 factus,
854 5004 921 5046 non
949 4987 1036 5049 irater
1063 4995 1238 5072 postremas
1261 4981 1425 5050 felicitatis
1456 5008 1546 5050 meae
1571 4983 1729 5074 juvenilis
1752 5003 1857 5074 partes
1887 4984 2010 5067 refero,

347 5076 410 5142 sub
438 5075 596 5162 praesidio
620 5073 702 5136 tanti
725 5070 786 5133 viri
812 5069 847 5134 in
873 5071 1045 5154 publicum
1068 5074 1209 5160 prodire.
1234 5070 1285 5138 Ex
1308 5071 1513 5141 diflusissima
1533 5076 1665 5139 materia
1685 5075 1727 5138 de
1748 5075 1911 5141 fortalitiis
1936 5081 2011 5142 urri-

348 5189 420 5232 cum
450 5175 613 5251 pttnctum
636 5158 677 5224 de
702 5163 773 5248 jure
806 5161 1003 5248 probibendi
1030 5160 1131 5250 elegi,
1160 5163 1316 5252 idemque
1334 5165 1369 5229 iu
1389 5165 1552 5252 praesenti
1572 5163 1720 5228 exhibeo.
1747 5163 1785 5228 lu
1810 5189 1878 5255 quo
1902 5165 2011 5231 elabo

348 5252 453 5321 raudo
477 5251 586 5342 (quod
617 5246 755 5337 ingenui
785 5261 832 5313 est
855 5248 968 5339 fateri)
994 5251 1208 5318 sublevarunt
1241 5277 1291 5316 tue
1317 5256 1432 5321 multis
1456 5254 1544 5318 curis
1573 5271 1606 5319 et
1636 5250 1775 5318 aliorum
1805 5255 2009 5346 egregiorum

349 5345 495 5409 virorum
522 5341 665 5416 labores,
689 5339 749 5426 qui
775 5340 808 5402 iu
836 5338 895 5402 boc
915 5340 1022 5408 studio
1045 5339 1221 5434 quicquam
1242 5342 1404 5427 feceruut,
1423 5363 1571 5433 quosque
1590 5341 1737 5407 venerari
1753 5343 1904 5428 addecet,
1923 5368 2010 5435 quo·

349 5455 493 5524 rumque
518 5429 651 5520 vestigia
676 5427 783 5518 lugere
807 5445 840 5493 et
870 5427 1006 5516 implere
1035 5433 1138 5519 potui.
1169 5428 1295 5524 Collegi
1325 5457 1381 5516 ea,
1411 5434 1545 5519 sparsim
1577 5431 1620 5496 ab
1649 5429 1725 5497 aliis
1753 5432 1873 5498 inserta
1906 5447 2008 5526 atque

349 5525 416 5590 suis
445 5543 598 5614 quaeque
626 5515 703 5582 locis
733 5516 829 5582 dictu.
860 5515 970 5584 Meum
999 5519 1081 5598 fuit,
1107 5518 1161 5585 illa
1187 5525 1410 5622 potissimum,
1435 5543 1523 5610 quae
1547 5543 1698 5612 quasque
1719 5523 1890 5588 commode
1924 5527 2008 5592 circa

350 5616 432 5682 harre
457 5609 625 5678 materiam
651 5604 749 5690 dixit,
776 5605 889 5674 sedulo
916 5611 1089 5698 pensitare.
1121 5609 1290 5676 Notissima
1313 5613 1478 5682 interdum
1509 5611 1614 5704 elegi,
1641 5623 1773 5678 etcum
1799 5611 1910 5680 electis
1939 5639 2009 5682 cer·
