4414 6188
244 241 298 296 tif
726 253 774 308 DE
790 247 960 306 nunonis
979 246 1261 306 scetusttsutms
1279 256 1340 304 arc.

1758 253 1811 308 tou

220 336 525 411 annuntiaturae
544 351 603 412 post
628 342 844 399 veteranionem
872 345 1003 414 arrogetis
1053 359 1100 412 per
1119 343 1217 396 illustr.
1235 344 1281 396 du.
1299 363 1313 396 a
1334 340 1419 396 iiheiu
1433 343 1631 416 iunpulldil.
1646 347 1669 399 1.
1688 346 1863 413 tianeus.

187 439 242 476 eata
260 423 292 476 ed
312 435 402 476 nostra
421 439 503 494 nsqm
521 439 638 498 tempora
657 428 686 480 in
699 429 935 500 capitulationibus
947 445 1002 481 ose·
1051 425 1124 496 seq'q.
1139 425 1244 495 quando
1263 427 1295 480 ita
1314 428 1502 482 ratiocinatum
1520 429 1748 500 quemadmodum
1765 431 1794 486 in
1803 434 1867 504 jura

184 507 266 558 saeris
282 507 412 574 adjicitur
438 506 558 562 defensio
583 527 706 565 romanae
731 513 821 578 satis,
845 512 1000 564 notabiliter
1048 511 1160 578 priuato
1173 521 1239 564 tuno
1251 511 1357 564 demum
1370 513 1561 566 recurrendum
1574 507 1658 566 estod
1669 517 1871 586 interpretatio-

184 587 291 642 additur
308 587 338 642 in
351 588 461 656 capitul.
482 590 597 659 leopold.
608 593 671 645 diet.
684 604 738 646 ort.
762 598 784 643 t.
794 595 825 663 fi
851 593 999 647 Gleiclssool
1052 609 1114 646 nem
1127 595 1311 648 authenticam
1324 614 1384 648 oum
1399 613 1473 648 mens
1485 595 1645 666 legislatoris
1657 613 1868 674 nequeam·

186 686 217 724 so
227 669 281 726 ciel
290 673 392 736 diesen,
405 673 454 725 asie
464 675 533 726 oues
552 672 605 728 den
625 674 843 744 nacnfislgenden
860 675 904 726 19.
924 677 999 729 artic·
1052 674 1091 726 lis
1104 693 1191 744 neque
1202 693 1239 728 ee
1252 678 1534 748 intentioneupparet,
1544 679 1582 731 ita
1596 677 1678 732 etiam
1686 679 1758 749 iuris
1772 695 1828 736 esse
1838 681 1869 738 in

183 755 410 826 gegennaertiger
421 755 578 824 usagadon
593 757 724 827 belanget,
736 757 823 812 seben
848 759 1001 826 Vorgemel·
1042 758 1236 830 jurepuilieo·
1255 759 1320 812 Nam
1340 761 1505 830 prohibitum
1524 761 1661 813 dumtaxat
1680 763 1707 814 in
1727 764 1802 819 lustr.
1814 781 1871 836 pac.

186 840 248 894 dete
263 839 441 893 Unssrels‘ebe
455 841 595 906 Olseimen,
608 841 652 894 die
664 843 729 910 drey
740 842 955 907 enuntiantes,
968 863 1002 898 su
1053 841 1130 913 alleg.
1156 843 1208 898 loc·
1227 855 1281 908 est,
1301 861 1334 896 ne
1351 847 1411 913 quis
1430 862 1521 914 pacem
1546 863 1603 898 eam
1630 844 1743 900 duliam
1763 848 1871 916 nutat,

186 923 322 984 Saciaen,
340 922 536 992 arsamosata
553 925 608 978 und
627 923 722 993 Psulta
739 926 795 978 siclt
816 925 1003 978 ausdrdcltficlt
1054 926 1279 980 reinsumimus
1306 930 1449 982 contrarias
1468 928 1552 981 menti
1579 931 1789 984 contrahentium
1809 933 1873 988 inde

184 1025 272 1079 espen
285 1024 335 1059 aas
347 1006 511 1072 erliaeltret,
523 1011 622 1064 ousta
637 1026 688 1062 uon
701 1009 761 1062 dem
779 1009 858 1062 Siout
877 1027 909 1062 su
931 1011 1002 1062 llam
1053 1009 1178 1072 deducus
1201 1027 1253 1064 non
1274 1022 1358 1064 etitem
1381 1012 1545 1081 prohibitum
1565 1023 1603 1065 est
1628 1027 1661 1062 es
1680 1023 1768 1066 mente
1785 1024 1812 1068 et
1829 1013 1872 1068 ln·

188 1096 249 1150 und
260 1093 449 1148 Poelsots'ctter
467 1091 679 1162 Heilipltes'tuor
700 1095 829 1165 tfeldung
848 1093 1004 1163 praedicnt,
1056 1088 1176 1146 tentione
1201 1092 1415 1146 contrahentium
1441 1107 1468 1146 et
1488 1095 1571 1164 ipsius
1600 1103 1687 1147 testas
1709 1097 1874 1154 accuratiore

188 1167 753 1234 dassllsr.ddl.ldl.bdlsorst'clt.und
772 1178 836 1230 ture
859 1176 1005 1247 lelipions·
1055 1176 1229 1243 pensitatione
1261 1177 1469 1230 antmodeutium
1499 1188 1526 1230 et
1548 1178 1759 1246 consequentium
1786 1180 1869 1235 dubia

190 1264 351 1320 Vernondte
363 1259 553 1316 donnn'nntn
566 1261 691 1330 ailligsn,
701 1263 768 1314 nocis
779 1261 836 1313 Uos
851 1261 935 1313 desitis
949 1277 1004 1312 eur·
1053 1257 1179 1334 quaedam
1199 1258 1335 1310 resoluere.

186 1347 295 1402 botsden
314 1345 417 1410 haben,
436 1341 701 1412 nocnerstpeslaclste
715 1345 867 1398 Advocatio
881 1346 940 1397 tiens
955 1347 1004 1396 tie·
1059 1367 1063 1375 ·
1090 1337 1111 1404 5.
1132 1340 1157 1389 7.
1177 1341 1325 1394 Prudenter
1343 1350 1478 1408 praeterea
1499 1339 1527 1394 in
1548 1339 1679 1399 liuedioti
1699 1344 1774 1399 aetio.
1793 1341 1872 1399 λοι-

192 1431 281 1499 1531'0„
296 1429 352 1482 „aad
369 1425 563 1494 poma-ancli
584 1443 615 1478 eu
634 1428 757 1480 Monate,-
774 1428 827 1480 und
847 1425 1004 1479 omnent-k
1054 1421 1220 1488 pituiationis
1240 1421 1363 1493 leopold.
1384 1429 1412 1474 el
1429 1425 1539 1494 loseph.
1563 1429 1705 1497 repetitum
1729 1440 1782 1494 est,
1800 1427 1871 1498 qnod

188 1511 396 1582 sulpericlneten
416 1509 528 1560 Friedeu
545 1525 605 1560 eum
625 1507 770 1579 praeludiis
783 1521 938 1577 anp'esogen,
951 1507 1004 1560 unrl
1053 1519 1144 1556 omues
1163 1509 1365 1574 protestationes
1382 1519 1407 1558 et
1428 1510 1650 1562 contradictiones
1668 1519 1758 1564 conire
1777 1529 1871 1582 pacem

189 1595 361 1665 gebrauchei,
379 1592 496 1645 eundern
512 1591 660 1646 dentrelien
680 1592 800 1661 gleislter
821 1591 1006 1660 Selsutsgelsal-
1054 1585 1201 1654 religiosum
1216 1601 1240 1641 et
1260 1590 1459 1658 westphaliosm
1478 1593 1571 1646 irrs'tue
1590 1603 1617 1646 et
1639 1593 1730 1646 nullae
1743 1595 1870 1666 lpscjure

188 1690 241 1730 ten
256 1676 315 1732 und
323 1674 443 1744 peteteret
456 1674 559 1727 werdun
572 1675 658 1737 sollo,-
676 1676 784 1728 Ws'enir
805 1676 891 1728 lisnen
916 1677 1005 1728 denen
1055 1683 1111 1722 esse
1128 1670 1258 1736 debeant,
1277 1673 1467 1743 imperatorque
1487 1676 1547 1727 illas
1567 1679 1679 1745 rejicere
1706 1678 1783 1730 uelit:
1802 1679 1873 1731 ouc‘s

192 1761 294 1830 dreyen
310 1758 512 1814 cunr-Funus
526 1758 596 1812 deun
610 1760 679 1810 aucit
693 1759 796 1810 solenes
809 1759 864 1809 Itsu
892 1756 1005 1809 tdieses
1039 1752 1104 1803 ¹ulle
1132 1751 1214 1807 wider
1234 1754 1284 1806 dett
1309 1755 1564 1810 Frs'edens-Setttuss
1583 1759 1772 1827 es'ngenundte
1786 1769 1872 1826 prote·

190 1845 436 1912 aarapreelren,uud
444 1842 673 1896 assslst'erssitdaau
682 1843 1003 1912 verbinden.Qttsmquam
1054 1834 1188 1888 stationes
1207 1849 1232 1890 et
1249 1837 1549 1903 contradictiones,st'e
1568 1841 1656 1894 nubea
1678 1843 1803 1894 lllalttrsen
1822 1843 1873 1898 wie

195 1947 256 1982 sero
275 1925 454 1979 Ferdinandns
474 1925 494 1976 l.
512 1923 631 1976 noluerit
651 1927 821 1994 permittere,
840 1936 868 1977 ut
881 1926 1003 1978 ilia'eiau-
1056 1917 1095 1969 sie
1108 1921 1219 1982 wollen,
1234 1923 1304 1975 noel
1318 1911 1413 1991 lesoge
1427 1923 1632 1992 atrtgedacltten
1653 1923 1873 1979 Friedenscltfsss·

190 2015 246 2066 sula
268 2012 424 2061 insereretur
441 2022 502 2058 suae
520 2006 721 2074 capitolitium,
740 2015 805 2056 teste
824 2004 954 2057 Goltlasio
973 2007 1002 2056 t'n
1053 2018 1095 2054 ses
1118 2005 1290 2073 verwetffen.
1316 2007 1450 2059 Nimirum
1474 2011 1525 2075 jum
1546 2010 1575 2060 in
1604 2011 1782 2064 instrumento
1801 2013 1874 2080 paris

192 2090 359 2151 sotietatem
371 2089 624 2156 aetolo-ttondt.p.
637 2091 661 2139 ti.
681 2106 709 2138 n·
722 2089 748 2139 3.
768 2107 794 2150 p.
809 2089 870 2138 tus.
887 2099 1003 2140 ettamen
1053 2089 1235 2154 westphaiieae
1257 2101 1310 2140 erat
1338 2101 1504 2160 prospectum
1533 2089 1595 2143 hoie
1614 2091 1672 2154 rei,
1691 2092 1761 2144 hisce
1780 2093 1870 2146 rerlsis

191 2188 281 2247 posteo
301 2179 328 2228 in
350 2172 529 2224 ilusimiliaoi
551 2172 586 2223 ll.
606 2184 657 2225 tum
677 2181 703 2222 et
722 2171 933 2238 suisseqn'entium
948 2170 998 2220 ins·

188 2271 338 2330 putatorum
357 2253 592 2324 capitulationibus
619 2255 683 2304 liaeo
706 2253 818 2306 clausula
844 2253 998 2305 inuenitur.

188 2339 432 2396 adunationes
454 2337 564 2402 capitul.
585 2337 699 2402 Joseplt.
716 2355 743 2398 p.
764 2336 806 2387 tit.
833 2336 910 2388 Unde
926 2345 1004 2407 petet

189 2427 354 2486 clarissime,
372 2423 462 2474 otnnie
482 2421 535 2481 illu,
553 2437 618 2487 quae
638 2419 744 2471 laedunt
763 2420 925 2474 seottsitatern
940 2421 1003 2472 reli·

189 2511 278 2580 giunta
295 2506 459 2574 etsttgelicae
477 2504 505 2554 in
517 2503 672 2568 Germanis,
684 2520 713 2554 sc
727 2502 833 2555 turbant
845 2504 1001 2556 exercitium

188 2595 409 2666 protestantium,
428 2589 520 2641 eadem
539 2603 595 2639 esse
614 2587 701 2638 nulla.
721 2589 779 2656 Qtso
796 2603 829 2638 ex
847 2585 1002 2638 fundamen·

1052 2171 1081 2219 in
1096 2173 1176 2222 artic.
1188 2173 1213 2222 5.
1226 2169 1250 2242 5.
1265 2175 1288 2222 1.
1306 2175 1384 2240 Quae
1396 2189 1464 2226 vero
1479 2174 1511 2225 de
1525 2173 1666 2226 nonnullis
1679 2173 1708 2225 in
1721 2191 1753 2227 ea
1767 2173 1869 2228 articu-

1053 2253 1085 2305 lis
1102 2255 1296 2316 controversis,
1323 2255 1375 2309 ltus
1393 2254 1578 2308 transactione
1596 2255 1736 2308 communi
1748 2257 1869 2324 partium

1051 2337 1107 2404 plat
1116 2337 1153 2390 ito
1167 2350 1268 2393 statuta
1283 2351 1361 2404 ssent,
1374 2357 1408 2390 ea
1425 2356 1477 2406 pro
1489 2347 1618 2410 perpetua
1639 2340 1725 2393 dictae
1740 2339 1817 2406 pacis
1826 2338 1871 2396 de·

1053 2421 1222 2486 clorutione,
1242 2434 1295 2474 tam
1315 2422 1343 2474 irs
1359 2419 1487 2489 ittdieit's,
1506 2437 1589 2492 quant
1613 2419 1681 2473 attis·
1697 2421 1868 2478 obseruanda

1052 2503 1247 2569 ludebantur,
1260 2507 1345 2559 donec
1352 2523 1403 2576 per
1420 2505 1475 2559 Dei
1484 2505 1597 2576 gratiam
1616 2503 1648 2557 de
1667 2504 1799 2574 religione
1809 2503 1869 2570 ipsa

1051 2592 1223 2650 conuenerit,
1237 2607 1297 2640 non
1316 2601 1420 2642 ostento
1440 2589 1554 2656 cujusvis
1570 2605 1617 2641 seu
1635 2587 1806 2640 ecclesiastici
1820 2603 1873 2654 sets,

192 2688 219 2732 to
237 2675 363 2728 fumosam
385 2674 455 2724 illitu
474 2673 621 2722 clausulam·
637 2669 748 2722 ortietrls'
772 2669 794 2720 l.
813 2671 885 2733 pacis
905 2670 999 2737 Byseai·
1049 2672 1154 2736 politici
1168 2673 1249 2732 intro,
1262 2671 1303 2726 uel
1316 2685 1395 2724 extra
1408 2671 1546 2738 imperium
1560 2687 1732 2740 quocumque
1748 2680 1870 2738 tempore

189 2763 275 2816 censis
293 2761 325 2810 de
344 2758 474 2827 religione
492 2757 620 2808 euthalius
640 2757 668 2806 in
683 2763 752 2807 stulu
765 2770 832 2823 quo,
855 2755 882 2805 in
905 2755 969 2808 luris
987 2772 1001 2806 a

189 2843 292 2896 Galliae
308 2857 366 2906 rege
386 2835 576 2900 restituendis,
597 2836 787 2905 relinquenda,
810 2840 911 2890 interno
936 2836 1002 2889 sitio

189 2926 349 2978 laborarem
363 2925 420 2990 ipso
440 2921 495 2983 iure
513 2918 611 2970 nullutn
633 2932 706 2986 esse,
728 2917 823 2972 merito
839 2919 935 2970 asserit
955 2919 1001 2969 ein.

190 3007 338 3062 ntutunnr.
350 3002 414 3056 diss.
426 3003 458 3055 de
467 2999 633 3066 protectione
648 3001 682 3051 ab
701 2997 866 3065 imperatore
886 2997 1004 3051 ecclesiis

189 3091 328 3156 utriunque
338 3084 477 3153 religionis
488 3083 516 3136 fa
535 3079 683 3136 Germania
702 3083 854 3151 aequaliter
871 3081 961 3133 debito
980 3082 1004 3146 ς.

189 3176 313 3245 ult.quod
327 3172 432 3242 speciali
447 3169 628 3224 dissertatione
642 3169 876 3239 sooxpianatarutn
884 3166 1005 3233 esse,ilsi·

190 3261 251 3312 dem
271 3242 343 3328 spem
363 3255 448 3306 fecit.

228 3341 253 3413 5.
271 3343 298 3392 fi.
317 3339 345 3391 ln
367 3339 453 3408 specie
472 3353 536 3392 sero
549 3337 690 3406 imperator
703 3335 732 3389 in
759 3333 869 3402 capitul.
888 3334 1005 3404 leopold.

190 3440 245 3481 ars.
264 3426 289 3476 2
307 3426 336 3477 its
351 3423 404 3490 fin.
431 3422 572 3491 promisit,
589 3419 659 3489 quod
684 3419 773 3472 omisis
799 3417 899 3486 scripte
916 3431 1005 3472 oonirs

190 3525 284 3580 paoem
305 3505 499 3572 religiosiores
524 3504 730 3552 instrumentum
755 3499 827 3570 pacis
850 3501 1002 3568 westplsuii·

192 3611 239 3649 cae
256 3592 328 3643 etita
348 3589 380 3641 etl
400 3583 516 3638 eamtleos
532 3579 747 3651 infringendam,
763 3583 824 3636 vetit
842 3583 1006 3652 annullare,

195 3692 316 3738 cessare,
333 3683 357 3723 et
377 3667 443 3722 fisco
462 3666 589 3733 subjicere
614 3667 788 3735 exemplaria,
805 3676 924 3720 auctoru
946 3685 1007 3722 sero

196 3761 290 3834 penis
306 3753 426 3808 allicere.
443 3749 529 3804 verbo
547 3750 581 3802 itu
600 3766 628 3801 ss
646 3747 756 3802 hahent:
775 3747 922 3803 Zuusasllen
940 3751 1010 3805 auoit

196 3847 368 3920 ds'ejeuipen,
386 3857 417 3892 sa
436 3836 491 3889 sicis
510 3851 592 3904 grgen
616 3833 661 3886 isat
684 3833 832 3887 ermeldten
858 3832 1007 3888 Frieders-

190 3935 314 3992 snum,
328 3925 385 3980 und
396 3922 497 3974 darino
517 3917 686 3984 lestoetipten
701 3917 956 3984 llels'gt'onstieden
968 3920 1010 3971 als

191 4017 238 4073 ain
262 4000 536 4064 s'mmertraelsrendes
561 3999 643 4054 Baud
671 4001 802 4052 zwisalten
833 4000 927 4067 Haupt
951 4000 1011 4052 und

193 4099 339 4157 Gtukrn,
357 4089 414 4144 und
437 4087 490 4140 des
523 4083 652 4138 Gliedern
680 4095 760 4137 unter
783 4081 844 4134 sicis
864 4083 959 4146 sellas,
976 4101 1009 4136 su

191 4181 349 4243 aiodian,
364 4175 430 4228 oder
448 4182 531 4224 etwas
542 4171 570 4223 s'n
588 4167 781 4236 oeffentls'efsen
796 4165 886 4219 Druclr
902 4165 1008 4219 leram·

191 4269 309 4337 „gaitan
321 4256 517 4314 unsernelsmen
529 4251 650 4316 murdro,
663 4251 841 4313 odsrsolsen,
853 4250 1012 4318 geldlrrutl

190 4344 344 4418 dasaaffen
357 4378 365 4406 ‚
376 4341 420 4393 ilie
440 4336 584 4393 mortuno
604 4337 657 4389 nod
677 4334 801 4387 Abdrock
811 4336 942 4400 cassiren,
953 4337 1011 4389 und

188 4451 272 4506 pogen
291 4431 334 4484 tte
359 4435 485 4480 auctores
508 4439 539 4474 so
565 4420 630 4474 nott
647 4419 690 4473 als
714 4419 861 4486 complices
887 4418 936 4472 sris
953 4428 1010 4472 eras

188 4519 339 4595 pestseldet,
357 4510 405 4562 mit
425 4510 510 4562 Ernst
528 4501 675 4573 uerfittuen
695 4513 743 4556 etc.
768 4502 863 4575 ltaque
879 4503 942 4556 licet
958 4505 1009 4557 hoc

194 4623 257 4660 casn
275 4599 412 4669 negligens
436 4592 504 4646 forte
529 4587 628 4644 fiscalis
653 4589 717 4658 imp.
735 4589 769 4641 sit
787 4589 815 4640 in
834 4587 1010 4658 prohibendis

191 4701 218 4745 ai
237 4683 408 4742 annullandis
428 4675 557 4746 ejusmodi
583 4672 684 4724 libellis
707 4667 906 4736 diffamatoriis,
925 4683 951 4724 et
970 4687 1009 4725 se-

192 4771 302 4828 dit-osis
325 4779 412 4818 contra
440 4765 647 4813 instrumentum
667 4755 756 4824 peeis,
774 4763 800 4806 et
826 4752 863 4805 ibi
882 4765 1007 4808 assertam

192 4849 428 4914 confirmatamque
441 4859 528 4914 pacans
543 4840 711 4908 religiosus
724 4847 837 4890 attamen
855 4839 952 4907 scripta
966 4839 1010 4890 ltin

193 4935 339 5002 indigitant
359 4931 417 4997 ipso
430 4931 485 4994 jore
497 4923 582 4985 nolle,
594 4922 694 4973 nullum
713 4920 825 4974 valorem
836 4929 926 4972 contre
938 4921 1010 4987 quie-

193 5030 250 5072 tum
270 5012 408 5079 religionis
427 5005 630 5076 protestantium
644 5003 799 5056 exercitium
812 5000 953 5070 producere
966 5019 1008 5053 ra·

191 5105 252 5153 lent.
272 5094 343 5150 canl.
361 5097 485 5145 instrum.
495 5103 554 5152 pac.
567 5099 620 5138 art.
633 5087 659 5140 5.
669 5084 692 5158 §-
712 5085 848 5154 utriusque
858 5085 1008 5154 relips'onis.

193 5183 254 5250 Qtso
272 5183 329 5248 ipso
347 5189 434 5229 tamen
451 5171 591 5239 genuissem
605 5183 717 5222 mentem
733 5169 921 5239 paciscentium
937 5185 1009 5220 erue·

193 5284 223 5320 se
241 5263 309 5318 bend
327 5256 488 5330 prohibitum
508 5269 561 5320 est,
579 5271 627 5306 nso
646 5253 718 5306 sulde
736 5249 817 5304 fisano
835 5253 885 5304 nto
904 5252 1007 5304 ridetur

192 5349 336 5402 musisiere
354 5341 446 5408 opinio
465 5338 493 5388 b.
506 5338 550 5388 dn.
564 5337 646 5388 tuerit
665 5335 743 5388 decis.
759 5331 884 5388 Wsusar.
896 5343 970 5402 port.
982 5335 1008 5385 1.

192 5437 247 5487 deo.
266 5431 310 5481 ui.
326 5423 522 5486 existimantis,
550 5423 754 5472 instrumentum
778 5417 852 5486 pacis
879 5415 1007 5485 nestplss·

1051 2753 1214 2821 interpositu
1233 2755 1449 2809 contradictione
1467 2755 1508 2808 sel
1522 2758 1741 2826 protestatione,
1760 2771 1870 2824 puseo·

1052 2851 1126 2886 mnes
1140 2839 1230 2888 inanes
1250 2847 1275 2888 et
1294 2838 1374 2889 nihili
1394 2838 1490 2907 uigore
1502 2840 1601 2892 tiorum
1626 2837 1806 2891 declarantur.
1819 2837 1870 2888 Ta·

1050 2919 1103 2969 cite
1123 2921 1167 2971 irie
1186 2922 1318 2974 annullari
1338 2933 1364 2974 et
1388 2921 1526 2990 intligituri
1549 2923 1674 2994 papalem
1703 2923 1868 2988 protestatio·

1052 3019 1113 3052 nem
1133 3015 1224 3057 contre
1245 3006 1450 3060 instrumentum
1474 2997 1572 3078 pacis,
1600 3007 1675 3059 focile
1698 3023 1730 3059 ex
1754 3007 1866 3062 historia

1053 3087 1162 3137 istorum
1185 3099 1331 3154 temporum
1354 3089 1471 3158 perspici
1492 3097 1585 3158 potest.
1605 3085 1750 3140 l'ontil'tces
1767 3090 1867 3141 enims

1055 3176 1172 3238 tempure
1191 3169 1389 3225 reformationis
1416 3187 1464 3238 per
1487 3169 1629 3222 Lntlierum
1658 3171 1778 3240 inceptae
1796 3170 1866 3221 nihil

1054 3261 1104 3302 ium
1123 3255 1201 3304 enixe
1220 3261 1362 3315 curarunt,
1381 3271 1459 3322 quam
1485 3263 1512 3304 ut
1532 3255 1622 3306 omnis
1646 3269 1695 3324 pax
1713 3273 1771 3305 cum
1791 3256 1868 3306 stati·

1052 3334 1100 3387 bos
1117 3339 1273 3404 evangelicis
1291 3341 1446 3398 tolleretur,
1461 3335 1553 3406 illique
1566 3337 1682 3406 pristino
1696 3339 1754 3408 jugo
1767 3337 1868 3391 mattei-

1056 3431 1190 3486 parentor.
1206 3422 1278 3491 Quid
1291 3423 1402 3490 desuper
1421 3429 1507 3472 ectum
1521 3423 1558 3473 sit
1576 3424 1604 3472 in
1618 3423 1751 3485 comitiis,
1763 3433 1871 3488 actaque

1056 3501 1158 3570 publice
1178 3519 1208 3556 eo
1228 3505 1388 3573 pertinentia
1408 3501 1542 3572 congessit
1567 3503 1734 3556 Lehmenous
1752 3502 1785 3556 de
1806 3519 1885 3572 pom·

1055 3586 1130 3654 relig.
1151 3587 1268 3640 Tandem
1291 3605 1358 3640 anno
1373 3587 1450 3638 1552.
1471 3587 1585 3639 Passarii
1605 3595 1665 3640 noia
1686 3589 1827 3639 transactio
1839 3589 1873 3637 il·

1056 3669 1081 3721 la
1100 3671 1182 3735 inita,
1200 3689 1278 3740 qoem
1306 3672 1421 3723 insecuta
1448 3680 1490 3722 est
1510 3669 1592 3720 1555.
1619 3669 1671 3720 Pas
1698 3669 1820 3737 religiosa
1840 3667 1871 3719 in

1055 3749 1174 3804 comitiis
1197 3751 1348 3820 augustanis
1374 3749 1520 3804 constitute
1551 3758 1578 3804 et
1603 3751 1630 3803 in
1656 3760 1828 3820 perpetuum,
1846 3750 1870 3800 si

1059 3835 1197 3902 religionis
1215 3835 1357 3887 dissidium
1377 3851 1426 3904 per
1446 3833 1595 3886 Concilium
1622 3834 1743 3903 generale
1762 3835 1802 3886 rel
1820 3834 1871 3884 elia

1059 3921 1147 3972 media
1168 3919 1240 3972 licita
1259 3929 1286 3972 et
1305 3918 1453 3972 amicabilia
1472 3921 1594 3990 componi
1614 3927 1737 3987 nequest,
1756 3917 1872 3970 saliturr.

1060 4003 1130 4055 llaec
1148 4006 1224 4072 quies
1241 4003 1398 4072 euangelicis
1410 4019 1529 4056 concessa
1550 4019 1656 4072 semper
1680 4000 1756 4053 sotles
1768 4001 1797 4053 in
1815 4015 1874 4054 ocu·

1056 4085 1091 4137 lis
1110 4088 1262 4140 Zelotarum
1287 4103 1320 4138 es
1342 4083 1497 4156 pontificiis
1524 4083 1590 4151 fuit,
1611 4085 1649 4137 uti
1675 4084 1724 4136 ltoo
1747 4085 1811 4137 setis
1831 4085 1873 4134 in-

1060 4180 1142 4221 nuunt
1166 4171 1290 4222 virulenti
1309 4169 1411 4234 libelli,
1429 4167 1476 4238 qui
1496 4169 1544 4220 suls
1570 4166 1779 4238 compositionis
1800 4166 1874 4238 pacis

1056 4255 1161 4309 titulos
1175 4251 1367 4322 nititpeounos
1377 4253 1481 4324 jesuitis
1493 4263 1518 4303 ei
1529 4252 1725 4306 autnonomt'ae
1739 4253 1846 4302 nomine
1858 4268 1873 4303 a

1056 4335 1151 4390 Fraus.
1169 4335 1340 4400 Barchardo,
1360 4339 1400 4388 sei
1418 4338 1509 4405 potius
1528 4338 1584 4403 ejus
1609 4335 1721 4387 nornine
1740 4353 1754 4386 s
1775 4332 1875 4400 iestsitis

1058 4420 1242 4474 colonensibus
1262 4421 1375 4489 protrusi
1395 4427 1472 4484 suni,
1486 4418 1583 4489 quique
1602 4435 1653 4470 non
1673 4419 1795 4486 exignum
1817 4435 1872 4468 sno·

1059 4515 1175 4556 mentum
1194 4503 1226 4555 ad
1245 4500 1411 4557 Fesdinandi
1429 4499 1465 4554 tt.
1478 4499 1688 4554 famosissimum
1707 4501 1822 4554 edictum
1841 4500 1875 4554 de

1056 4589 1226 4642 restitutione
1249 4587 1384 4641 bonorum
1410 4584 1652 4639 ecclesiasticorum
1678 4602 1749 4637 sono
1772 4585 1815 4635 19.
1834 4600 1874 4635 su·

1060 4671 1174 4738 periuris
1192 4671 1271 4722 seculi
1290 4669 1391 4722 editum
1411 4669 1530 4721 attulisse
1548 4667 1706 4731 creduntur,
1725 4667 1814 4736 sinque
1832 4679 1874 4719 se·

1059 4755 1130 4804 mina
1149 4751 1212 4804 loelli
1233 4753 1307 4804 illins
1331 4749 1506 4804 funestissimi
1535 4749 1690 4804 tricennarii
1711 4768 1725 4802 e
1744 4751 1874 4820 pepioolis

1058 4850 1146 4904 sparsa
1165 4844 1239 4896 aunis
1260 4835 1292 4886 de
1314 4853 1367 4904 quo
1391 4831 1475 4886 fusius
1500 4843 1612 4903 egerunt
1639 4832 1815 4903 Burpoldens.
1835 4835 1875 4890 od

1057 4915 1180 4970 instrum.
1196 4933 1260 4985 pac.
1272 4917 1393 4971 dicum
1403 4915 1507 4987 Syriae.
1520 4919 1552 4971 de
1561 4934 1619 4988 poc.
1637 4916 1734 4988 religio
1743 4934 1771 4970 n.
1786 4919 1873 4972 concl.

1058 5001 1162 5069 dinen.
1176 5000 1283 5054 Solunte.
1295 5000 1347 5054 sol.
1356 5001 1381 5054 2.
1389 5001 1457 5066 disp.
1468 5001 1496 5054 i.
1507 5001 1545 5053 m.
1553 5000 1642 5054 tntu.
1658 5021 1687 5055 o.
1695 5004 1793 5054 Verum
1806 5001 1873 5054 Ger·

1058 5085 1145 5134 mania
1170 5082 1274 5135 tandem
1299 5099 1346 5137 suo
1370 5081 1538 5136 incommodo
1563 5093 1689 5153 asperia,
1710 5085 1781 5153 quod
1800 5086 1872 5138 nulia

1057 5167 1126 5218 seius
1152 5165 1229 5220 bellis
1260 5165 1397 5219 intestinis
1422 5165 1599 5235 grassantibus
1630 5171 1686 5234 sit,
1708 5167 1874 5224 uehementer

1058 5251 1191 5304 anhelavit
1208 5265 1295 5318 paoem
1322 5247 1457 5320 profanam
1476 5259 1503 5302 et
1525 5249 1746 5323 ecelesiasticaml,
1766 5268 1831 5321 quae
1848 5271 1872 5305 e·

1057 5335 1119 5389 tiam
1138 5345 1225 5387 secun
1244 5331 1389 5403 superioris
1405 5333 1486 5384 areoli
1510 5350 1579 5385 anno
1599 5333 1641 5387 18.
1667 5343 1705 5385 est
1735 5333 1873 5388 osnabru-

1058 5435 1105 5487 aar
1123 5428 1147 5470 et
1167 5415 1337 5480 monasterii,
1353 5431 1430 5486 qnam
1449 5429 1587 5484 propterea
1607 5425 1679 5467 reeta
1699 5413 1871 5487 Burgoidens.

192 5519 257 5570 tiene
276 5529 329 5565 aon
348 5509 490 5563 admittere
504 5505 750 5574 interpretationem
765 5501 948 5562 doctrinalem,
963 5499 1008 5550 sed
1059 5497 1617 5568 sise01deudenburperadinstrum.pue
1643 5500 1871 5570 Wenptotpars.

195 5607 296 5656 uotum
321 5591 509 5646 authenticam.
526 5585 594 5640 ilium
620 5586 668 5640 noc
685 5587 786 5657 poterit
803 5585 868 5637 elidi
886 5583 1006 5638 discursu
1059 5590 1084 5638 1.
1096 5583 1163 5640 disc.¹
1174 5585 1200 5638 d.
1212 5583 1323 5638 membr.
1336 5585 1361 5636 1.
1371 5599 1399 5635 n.
1414 5579 1457 5633 14.
1472 5593 1543 5638 susat
1560 5583 1713 5654 palladium
1733 5595 1760 5638 et
1780 5601 1871 5639 arcem
