4464 6204
425 225 479 286 817
946 221 1135 278 tttsrt'ttt.
1153 219 1228 276 XIX.
1247 225 1400 302 tttthJts.
1419 227 1455 282 ll.
1969 222 2025 278 818

370 313 440 369 didit
458 317 547 372 eadem
567 317 643 374 sidua
662 323 864 382 testamentum,
884 315 912 372 iu
932 338 983 389 quo
1001 320 1181 390 ipsaqnideut
1232 325 1346 379 cundum
1366 343 1453 378 reram
1478 323 1606 378 hunum
1637 321 1814 378 venditorum
1849 317 2076 380 aestimationem

369 399 523 471 Georgium,
543 412 663 474 nepotem
682 418 757 455 suum
775 418 808 454 ex
825 397 897 466 filia,
912 399 1053 455 haeredem
1067 402 1182 472 scripsit:
1232 410 1444 480 computandae,
1462 425 1537 480 agere
1555 407 1667 482 poterit.

366 495 482 538 attamen
502 484 550 538 sub
569 493 719 554 praetextu,
736 485 805 556 qnod
824 483 942 556 Georgio
958 486 1013 537 aria
1032 503 1078 540 sus
1104 498 1182 541 testa·
1557 533 1559 538 .
1856 527 1859 530 .

365 569 420 620 trix
439 585 529 639 parum
549 585 624 620 cttrse
644 566 739 630 luerit,
756 569 811 619 loco
824 569 958 636 legitimus
969 586 1019 620 nou
1033 569 1091 638 pius
1103 587 1181 638 qnam
1503 525 1727 598 mmmmm
1749 525 1789 578 n'

365 651 410 703 tto.
429 669 526 703 marcas
546 652 632 704 eidem
653 651 770 719 reliquit,
788 667 846 702 cum
865 653 1093 718 comminutione,
1112 667 1138 708 ut
1157 655 1181 707 si
1233 647 1273 701 An
1293 650 1382 704 haeres
1400 651 1611 704 testamentarius
1635 669 1650 702 e
1669 650 1797 716 legitimo
1817 642 1967 702 conveniri
1989 645 2075 714 possit

366 735 436 790 sorte
453 733 582 806 Georgius
602 735 648 786 hee
667 734 785 804 portione
804 745 943 786 contentus
961 751 1018 786 esse
1043 737 1180 800 coluerit,
1267 733 1369 788 actione
1389 735 1466 804 spolii
1487 737 1522 788 uh
1540 749 1627 790 rerum
1648 732 1904 786 haereditariarum
1924 727 2071 802 possessio·

368 823 424 892 ipse
442 821 547 892 penitus
566 818 689 872 exhaeres
707 831 784 871 esset.
802 820 933 887 Georgius
953 831 1038 874 autem
1059 823 1116 874 atie
1136 823 1181 874 de·
1264 832 1326 869 nem
1342 815 1469 887 neptem?

328 887 452 958 ²t⁴nucta
470 901 611 974 quaesiuits
625 919 708 955 annon
724 901 785 955 haee
797 901 916 954 venditio
928 902 1032 954 aedium
1046 921 1104 954 cum
1120 920 1182 974 per·
1468 933 1490 986 s
1510 937 1537 990 U
1553 935 1589 987 Μ
1602 935 1638 988 Π
1652 936 1681 988 A
1701 937 1724 987 R
1742 935 1766 988 1
1782 933 1815 986 A

365 987 489 1044 tinentiis
508 1004 557 1058 pro
574 987 659 1040 riliuri
680 989 787 1058 pretio,
804 1006 881 1056 anm
901 987 1021 1038 venditae
1046 1004 1088 1040 res
1111 989 1180 1039 rtie-

366 1073 445 1136 bant,
467 1074 495 1124 in
514 1071 630 1125 fraudem
650 1073 785 1139 legitimus
803 1071 870 1124 lacta
890 1071 1041 1135 rideretur,
1068 1072 1181 1141 indeque
1229 1059 1404 1114 Camil-1·

363 1171 396 1207 ex
415 1152 494 1207 rebus
513 1154 633 1217 tenditis,
653 1166 730 1223 prout
744 1156 805 1206 iliae
826 1166 942 1224 ternpore
956 1154 1124 1206 alienationis
1138 1171 1179 1206 as·
1233 1141 1367 1216 Quwit'O·
1385 1159 1412 1194 7¹·
1431 1141 1459 1192 ἳ-

362 1231 473 1291 ¹stimsri
493 1237 648 1309 potuissent,
670 1237 786 1306 legitima
802 1241 947 1308 supplenda
962 1235 1050 1290 esset?
1228 1229 1361 1284 Rationes
1373 1223 1524 1280 dnlt'ttrntit'.
1541 1243 1570 1278 rs.
1588 1224 1615 1276 3.

330 1347 347 1400 q
398 1323 451 1375 Ubi
472 1323 578 1392 quidem
597 1320 712 1390 Georgo
731 1322 868 1375 ridehrttn·
885 1323 1009 1387 obstare,
1027 1320 1096 1392 qnod
1122 1322 1179 1375 esis
1228 1315 1358 1371 Rationes
1374 1308 1520 1364 decidendi.
1538 1328 1567 1364 tt·
1584 1309 1610 1360 5·
1626 1323 1701 1380 ”tt—

364 1406 467 1479 praedii
483 1405 590 1457 domina
611 1402 705 1469 luerit,
725 1423 789 1473 quae
808 1407 834 1458 iu
855 1406 1006 1459 venditione
1025 1423 1128 1478 prnsuo
1141 1422 1180 1458 sr-
1227 1397 1346 1452 Dntstc.
1364 1414 1393 1448 n·
1410 1395 1443 1446 1⁰

363 1491 443 1544 bitrio
463 1489 541 1543 rehns
561 1489 616 1542 suis
637 1488 750 1556 pretium
775 1498 886 1540 statuere
904 1506 956 1541 nou
971 1489 1178 1558 prohibebatur,
1230 1512 1270 1612 Α

365 1574 443 1628 modo
463 1575 533 1626 nulle
552 1589 612 1642 pars
631 1573 697 1623 ultra
717 1571 857 1623 dimidium
877 1572 1003 1625 laedetur.
1021 1573 1040 1624 1.
1061 1573 1089 1626 2.
1104 1590 1127 1625 c.
1146 1571 1180 1625 de
1277 1563 1386 1629 damus,
1401 1561 1532 1616 decimum
1544 1577 1642 1614 uonnm
1660 1558 1752 1614 seretis
1768 1575 1882 1613 annum
1898 1571 2000 1626 egens,
2013 1563 2102 1613 sumt

366 1674 434 1711 rese.
448 1650 529 1710 vend.
548 1657 568 1709 l.
582 1657 626 1708 21.
647 1673 673 1708 c.
695 1656 789 1706 mund.
806 1655 891 1724 qualis
910 1656 992 1708 laesio
1011 1655 1055 1707 hic
1074 1656 1178 1725 probari
1229 1651 1334 1718 virgine
1351 1665 1479 1701 aucturum
1502 1646 1628 1716 tredecim
1656 1655 1828 1699 contraxerat
1852 1643 2011 1713 sponsalia,
2029 1637 2071 1688 in·

365 1759 419 1795 nou
433 1751 542 1812 poterat,
561 1739 690 1809 inprimis
706 1739 766 1807 quia
779 1747 885 1808 emptor
899 1741 977 1790 simul
989 1755 1055 1792 onus
1067 1741 1131 1792 slim
1149 1757 1177 1790 u-
1226 1737 1279 1787 seia
1298 1745 1383 1787 tameo
1398 1731 1454 1785 aeia
1467 1746 1511 1782 suta
1521 1764 1529 1793 ,
1541 1740 1568 1779 et
1586 1728 1696 1796 reliquis
1709 1727 1850 1797 proximis
1864 1723 1988 1792 agnatis.
2001 1719 2072 1772 tatem

366 1825 441 1880 tandi
461 1825 489 1876 iu
507 1841 534 1876 se
552 1824 676 1892 suscepit,
693 1841 745 1890 quo
764 1837 823 1874 easu
841 1823 877 1874 ob
888 1824 997 1876 tlnhittm
1011 1834 1132 1878 euentum
1147 1842 1180 1877 ne
1228 1836 1290 1873 sero
1303 1825 1410 1888 postea,
1427 1823 1512 1866 morte
1526 1811 1580 1865 sibi
1594 1810 1768 1874 imminente,
1781 1815 1989 1862 testamentum
2011 1817 2073 1854 eon·

369 1908 474 1979 quidem
487 1909 722 1980 dispositiodictae
739 1907 758 1960 1.
771 1907 796 1956 2.
810 1895 893 1960 locum
915 1909 1025 1963 intecit.
1044 1910 1116 1962 Gaii
1133 1911 1179 1963 tid.
1228 1905 1349 1966 diderat,
1368 1912 1544 1970 sponsamque
1570 1911 1646 1946 suaru-
1669 1890 1807 1945 haeredem
1838 1889 1999 1958 scripserat
2018 1883 2076 1936 uui-

329 1984 348 2036 4
369 1995 395 2044 i.
408 1995 463 2048 ube.
488 1995 514 2044 8.
539 2012 567 2044 n.
591 1993 615 2043 2.
636 1991 738 2042 Deinde
754 1992 872 2062 legitima
891 1993 1042 2045 restituatur
1061 2004 1179 2064 respectu
1228 1987 1370 2050 sersaleut,
1385 1984 1479 2034 relicta
1499 1981 1573 2031 ariae
1592 1993 1652 2029 suae
1668 1976 1808 2044 legitime,
1823 1988 1883 2024 nou
1903 1969 2017 2039 quidem
2033 1971 2071 2020 in·

370 2074 1086 2140 haereditetis,haereditasantemvitentisnullaest.
1113 2078 1132 2130 l.
1154 2081 1180 2133 t.
1228 2071 1378 2128 stitutionis
1405 2067 1496 2130 titulo,
1516 2079 1617 2117 annexa
1645 2071 1734 2114 tamen
1758 2058 1880 2110 ultusula
1908 2053 2068 2108 codicillarl.

336 2159 355 2213 e
363 2160 404 2231 ff.
417 2161 448 2212 de
460 2163 535 2214 ltuer.
556 2160 596 2212 ael
615 2171 667 2212 cce.
688 2160 763 2212 vend.
784 2161 861 2212 Unde
877 2162 938 2230 qnia
953 2161 1101 2213 haereditas
1119 2178 1179 2214 suu·
1231 2155 1325 2210 etant
1345 2161 1430 2205 morte
1445 2152 1599 2209 subsecuta,
1612 2143 1771 2196 Francisess
1783 2139 1896 2210 praedii
1917 2137 2066 2207 equestris,

371 2245 457 2298 ceruit
475 2244 562 2307 bona,
581 2259 646 2313 quae
664 2241 801 2296 deluuntur
822 2253 939 2312 tempore
958 2243 1049 2295 mortis
1068 2243 1180 2296 habuitt
1228 2262 1243 2295 a
1262 2236 1370 2291 delumu
1389 2232 1495 2296 relicti,
1515 2229 1706 2300 possessiouem
1727 2225 1816 2294 cepit,
1832 2223 1888 2275 suh
1909 2228 2066 2290 praetextu,

370 2329 468 2382 merito
485 2327 566 2379 etiam
585 2326 702 2397 legitima
722 2343 782 2396 pars
801 2327 1122 2380 haereditatlssecnndum
1137 2345 1180 2395 pa·
1233 2322 1308 2391 quasi
1326 2319 1464 2372 defunctas
1482 2316 1511 2367 itt
1530 2314 1623 2366 ultima
1647 2311 1778 2363 uoluntate
1795 2323 1862 2361 eurn
1890 2305 1944 2358 hoc
1963 2319 2066 2374 rogare·

373 2412 493 2466 trimunii
512 2413 706 2482 quantitatem,
723 2428 788 2480 quae
807 2421 925 2482 tempure
945 2413 1037 2466 mortis
1055 2421 1183 2482 superest,
1235 2407 1282 2459 rit.
1299 2401 1477 2461 Venientibus
1496 2414 1561 2450 sero
1574 2393 1731 2448 haeredibus
1749 2389 1789 2444 al>
1808 2392 1964 2456 intestato,
1983 2390 2066 2442 Fran·

336 2492 354 2544 li
372 2495 547 2565 computande
564 2495 633 2548 erit.
651 2496 690 2546 lt's
708 2513 758 2564 qno
777 2511 938 2566 consequens
954 2508 1012 2564 est,
1037 2497 1185 2567 Georgium
1237 2489 1300 2540 ⁸1⁸0·
1318 2485 1510 2558 potttttiott‘m
1533 2478 1633 2550 praedii
1662 2475 1754 2530 ΨΜ
1779 2478 1941 2540 ῑῑθῦΜῙῑΐ
1955 2471 2065 2545 'illini’

372 2595 425 2632 nen
445 2594 521 2646 posse
539 2579 721 2631 venditionem
749 2578 855 2630 aedium
880 2595 1019 2644 accusare,
1043 2581 1113 2650 qnod
1137 2593 1184 2649 pet·
1235 2581 1322 2624 autem
1342 2568 1477 2622 institutae
1499 2565 1586 2634 petri,
1606 2571 1743 2632 postquam
1764 2561 1787 2612 is
1811 2560 1978 2611 mandatum
1997 2576 2011 2609 a
2029 2573 2067 2608 re·

370 2681 426 2717 eam
445 2662 515 2716 letus
532 2663 666 2732 legitimae
683 2676 744 2713 suae
763 2660 829 2713 laeta
851 2660 940 2726 inerit,
959 2678 1042 2732 neque
1061 2661 1183 2714 eumdem
1236 2655 1337 2724 pitsius
1356 2650 1489 2704 electorali
1511 2647 1678 2712 obtinuit,et
1698 2643 1797 2715 praedii
1811 2643 2065 2714 possessionempe·
2092 2663 2096 2668 ·

369 2749 412 2816 jus
430 2746 526 2800 hahere
545 2745 756 2814 supplementum
776 2744 912 2812 legitimae
930 2746 1070 2798 secundum
1103 2763 1183 2816 quan.
1235 2740 1294 2802 tiit,
1314 2737 1370 2788 siue
1396 2751 1465 2785 muta
1484 2733 1610 2784 eamdem
1637 2729 1756 2781 tradidit.
1774 2727 1856 2778 liude
1886 2720 2095 2778 hactetenus

374 2831 580 2898 titatetn,quae
599 2839 716 2896 tempore
735 2826 902 2879 alienationis
920 2825 1015 2890 inerat,
1028 2829 1146 2897 petendi.
1235 2822 1367 2874 intestato
1379 2821 1481 2872 actione
1500 2815 1577 2886 spolii
1604 2813 1742 2883 praedium
1763 2821 1889 2878 repetere
1914 2809 2059 2860 voluerunt.

338 2925 357 2977 7
411 2912 480 2981 Quia
493 2929 552 2966 teto
562 2911 694 2980 Georgius
707 2910 819 2979 probare
833 2920 940 2980 poterat,
961 2912 1119 2966 testatrieem
1134 2931 1184 2984 peu
1236 2907 1431 2976 Quaerebatur,
1455 2918 1489 2954 ars
1516 2915 1605 2954 eorum
1632 2893 1774 2948 intentioni
1800 2895 1859 2962 jura
1888 2889 2058 2958 suffragarer»

372 2997 417 3051 sili
437 2995 575 3050 admodum
595 2995 680 3064 pretio
701 2993 768 3046 boue
787 3009 830 3046 sua
849 2994 1020 3058 uendidisse,
1034 2994 1071 3048 ita
1091 3008 1117 3050 ut
1135 3014 1183 3066 per
1235 2986 1295 3042 tut?

371 3082 563 3134 alienrtionem
595 3080 671 3132 istam
696 3075 826 3145 quantitas
857 3076 1014 3146 patrimonii
1040 3080 1187 3133 notabilem
1270 3071 1402 3143 Quosdam
1428 3084 1490 3121 ΜΘ
1513 3065 1557 3116 *id*
1579 3063 1608 3114 3⁰
1635 3079 1663 3113 θ’
1690 3057 1819 3112 'mimi’
1841 3073 1903 3112 ⁸⁸⁵⁰
1921 3053 2092 3128 'mimmii

371 3179 446 3232 passa
465 3159 542 3214 fuerit
561 3159 782 3223 imminutionem,
805 3157 868 3211 hino
887 3176 939 3212 nou
956 3159 1121 3216 obeuntibus
1138 3164 1182 3224 tta,
1235 3155 1303 3226 qnod
1321 3165 1412 3206 eontra
1430 3151 1488 3203 illos
1503 3149 1583 3202 etiarn
1602 3145 1672 3198 actio
1688 3143 1769 3213 spolii
1786 3141 1884 3208 detur,
1897 3141 1945 3212 qui
1967 3135 2060 3191 callide

369 3244 480 3314 quaein
499 3243 659 3295 contrarium
689 3239 797 3293 adducta
825 3237 952 3304 inurunt.
977 3245 1185 3313 supplementum
1235 3236 1381 3291 stoecultc
1403 3244 1549 3287 extremum
1568 3225 1718 3280 exhalantis
1743 3225 1848 3276 animae
1874 3221 2003 3294 spiritum
2022 3234 2060 3268 cn·

371 3327 506 3396 legitimae
523 3315 558 3379 'ex
576 3343 637 3380 sero
654 3338 740 3377 rernm
759 3324 924 3378 venditarum
945 3326 1029 3394 pretio
1047 3330 1101 3396 peti
1117 3338 1186 3397 pote.
1236 3320 1297 3390 pide
1322 3307 1516 3388 exspectantes,
1535 3311 1730 3382 possersioneru
1755 3325 1841 3361 rerum
1869 3299 2059 3366 haereditarie·

370 3419 423 3464 rat·
440 3411 498 3463 Hoc
516 3409 589 3461 euitu
607 3423 667 3460 casu
685 3407 846 3476 eompntntio
870 3408 1026 3477 quantitatis
1051 3409 1184 3479 legitimae
1236 3422 1293 3458 runt
1312 3401 1505 3472 ingrediuntur.
1530 3397 1646 3450 Berlich.
1663 3415 1690 3466 p.
1712 3397 1737 3444 1.
1755 3393 1842 3446 conci.
1862 3394 1911 3444 21.
1930 3410 1960 3447 ta.
1979 3389 2023 3440 37.
2035 3393 2059 3438 et

371 3511 423 3548 nott
443 3513 457 3546 a
478 3503 595 3562 tempure
615 3490 728 3554 mortis,
748 3489 794 3542 sed
813 3488 893 3543 iactas
920 3490 1088 3544 alienationis
1107 3492 1185 3545 insti·
1236 3500 1304 3558 quor
1322 3485 1362 3538 ili
1377 3484 1450 3536 eitun
1475 3483 1509 3534 dt
1528 3499 1589 3536 reto
1604 3479 1664 3550 quia
1689 3476 1838 3530 Berlichias
1862 3486 1894 3530 et
1913 3471 2009 3544 reliqui
2027 3467 2089 3540 ab,

373 3576 467 3631 menda
485 3576 573 3638 seuit,
591 3572 812 3644 quemadmodum
831 3573 924 3626 solidis
949 3574 1097 3626 rationibus
1115 3593 1182 3629 com-
1236 3571 1329 3622 eudem
1347 3567 1446 3636 allegati
1462 3565 1511 3618 dd..
1519 3565 1551 3618 de
1564 3581 1595 3616 ee
1612 3563 1700 3616 saltim
1720 3579 1781 3614 castr
1800 3563 1962 3630 loquuntur,
1981 3571 2058 3630 quapr-

336 3695 355 3746 3
373 3660 469 3728 probat
487 3656 611 3726 carptus.
626 3673 653 3725 ρ.
671 3655 697 3706 2.
713 3654 819 3708 constit.
838 3655 882 3707 ll.
894 3654 950 3725 ties·
965 3657 1007 3708 37.
1020 3655 1054 3707 Et
1065 3661 1185 3726 quamtis
1237 3653 1271 3705 do
1289 3653 1324 3704 lis
1343 3663 1382 3704 est
1402 3653 1471 3702 iuter
1490 3649 1577 3718 plures
1597 3645 1738 3710 heeredes,
1750 3643 1815 3715 qnos
1832 3643 1901 3696 urrlu
1919 3638 2056 3694 successio·

372 3740 572 3794 ineruditione
598 3738 730 3809 praesenti
758 3738 818 3790 ideo
843 3739 957 3808 pretium
982 3739 1062 3792 silius
1086 3741 1181 3808 justum
1236 3737 1279 3789 atis
1296 3751 1330 3788 ex
1347 3750 1428 3801 aequo
1444 3730 1585 3797 contingitt
1598 3730 1629 3779 in
1644 3745 1705 3780 casu
1723 3736 1809 3778 autem
1828 3721 1965 3794 praesenti
1984 3719 2085 3792 interp,

372 3839 428 3877 esse
445 3824 600 3886 rideretur,
620 3820 688 3892 quod
707 3831 810 3891 emptor
829 3822 913 3873 sirnnl
926 3837 992 3873 unus
1004 3821 1176 3875 alimentttndi
1237 3821 1361 3875 haeredes
1378 3817 1476 3871 dirersi
1494 3815 1619 3884 generis,
1638 3812 1847 3866 testrmentarius
1872 3819 1902 3863 et
1924 3807 2053 3876 legitimus

373 3898 402 3946 ²¹¹
421 3912 449 3947 θ’
466 3897 621 3963 ‘mitellis
639 3901 754 3946 *ΨΜ
772 3894 796 3946 ⁶5
815 3889 949 3956 ¹⁰ffi0¹⁸⁸ir
968 3894 991 3944 ’ἰ
1016 3905 1136 3963 sumptus
1156 3895 1188 3946 5⁰*
1236 3904 1409 3960 mutrosenia
1428 3901 1555 3968 epitatus,
1576 3897 1619 3951 uhi
1640 3898 1667 3948 iu
1692 3895 1773 3950 dubio
1793 3893 2052 3950 testamenttrtotnm

372 3979 500 4033 elimenta
519 3977 579 4031 lacti
600 3977 768 4032 detrahentur
784 3979 870 4030 usuris
889 3977 1029 4030 bonorumt
1048 3977 1102 4030 niai
1116 3975 1184 4030 lorte
1238 3989 1335 4042 meum·
1354 3985 1483 4039 mnditia,
1502 3985 1520 4036 t·
1540 3979 1626 4050 unffi
1641 3981 1673 4034 de
1691 3983 1795 4050 aequin
1814 3979 1921 4034 luered.
1934 3979 1952 4030 l.
1967 3977 2009 4028 811.
2012 3969 2053 4042 ff

337 4083 355 4135 a
373 4077 466 4114 “wne
481 4062 616 4115 ‚timentis
635 4077 688 4113 ¹¹0⁰
708 4060 870 4124 tundente
887 4061 987 4130 tuine·
1003 4077 1055 4130 tuo
1072 4079 1132 4115 auu
1146 4080 1185 4116 e·-
1232 4073 1263 4126 n
1282 4090 1304 4123 r.
1323 4070 1342 4125 t.
1360 4069 1451 4122 natet.
1465 4068 1511 4121 tn.
1526 4067 1550 4118 n.
1565 4063 1626 4118 ctu.
1643 4066 1684 4118 tn.
1703 4067 1748 4116 tt.
1766 4063 1821 4133 nn
1835 4066 1862 4116 o.
1876 4065 1943 4118 san
1964 4061 2087 4143 nterea,

375 4156 451 4198 tenus
469 4148 581 4215 emptori
602 4142 742 4198 latentium
760 4153 836 4207 ‘titis
854 4157 980 4213 quatenus
999 4145 1042 4196 hic
1059 4147 1130 4199 uitta
1156 4165 1182 4198 n·
1233 4173 1268 4210 et
1284 4162 1442 4208 testamento
1454 4155 1551 4219 justum
1572 4149 1680 4202 titulum
1697 4151 1826 4218 petendse
1837 4157 1865 4200 et
1877 4141 2045 4216 arripiendae

373 4247 444 4284 auras
456 4241 533 4302 atque
551 4231 653 4284 fruetus
671 4247 756 4284 rerum
776 4229 942 4284 venditorum
962 4235 1086 4284 nonnulla
1098 4233 1126 4284 in
1139 4235 1185 4286 aii-
1236 4237 1417 4309 possessionis
1436 4235 1563 4287 habuerat
1582 4250 1613 4284 ex
1634 4231 1764 4286 beneficio
1781 4232 1799 4283 l.
1807 4231 1865 4302 fin.
1884 4233 1946 4286 eod.
1964 4229 1995 4282 de
2011 4225 2049 4279 ed·

318 4329 356 4383 ll)
374 4323 461 4371 menta
478 4316 571 4368 '¹¹¹⁰st
596 4315 744 4386 impendit..
757 4313 862 4368 Nullum
882 4317 954 4368 enim
973 4329 1071 4388 sparte
1084 4329 1184 4388 erupto·
1234 4315 1698 4386 1111111111.ιο11.ρυιη.1οᾳυ11εω
1719 4325 1905 4368 testamentum
1924 4308 2082 4392 quietim-7¹

374 4405 414 4456 ¹5⁸
430 4402 575 4472 lilileuium
594 4412 656 4465 ²⁸¹2
675 4401 697 4451 ti
718 4400 768 4469 ipsi
788 4400 899 4468 tinnuli!
922 4399 1000 4451 annis
1026 4410 1124 4454 tentum
1151 4419 1184 4455 ex
1234 4407 1275 4460 tais
1287 4405 1352 4458 vitiu
1365 4411 1473 4455 eneruo
1487 4401 1586 4453 risibili
1608 4399 1928 4462 noulthornbat,ethine
1945 4410 1991 4449 nec
2007 4389 2048 4442 ati·

374 4483 507 4538 similitu!
526 4482 603 4536 funii
624 4493 725 4535 “liniti
745 4481 953 4552 residuumque
972 4481 1113 4535 'tntiiltitti
1126 4501 1185 4552 que·
1235 4505 1323 4544 tersus
1341 4487 1533 4558 possessiouem
1547 4502 1578 4536 ex
1594 4485 1643 4537 illo
1657 4492 1813 4535 testamento
1826 4483 1928 4551 legibus
1942 4485 2050 4531 aunuen-

320 4588 355 4643 Η
375 4580 418 4622 tut
436 4569 558 4622 elimenta
577 4567 706 4638 prtaheri·
723 4567 814 4637 Neque
833 4565 882 4617 huc
900 4564 1028 4635 applicari
1048 4569 1187 4634 potestius
1238 4576 1326 4636 tibur,
1342 4570 1486 4641 quaesitam
1510 4569 1580 4620 antio
1604 4568 1683 4640 spotti
1710 4567 1794 4618 locum
1823 4564 1943 4617 invenire
1960 4563 2046 4630 potest·

374 4652 488 4706 dominu
501 4666 652 4724 competens
677 4653 706 4703 ita
737 4667 780 4704 res
810 4650 933 4703 dominio
964 4667 1010 4702 stru
1039 4647 1187 4716 anbjec‘tsat
1237 4658 1355 4711 Cuinuo
1374 4651 1565 4722 obstat,quod
1584 4649 1759 4704 haeredesah
1777 4650 1897 4702 intestato
1927 4644 2079 4714 urgeatis-8·

373 4749 496 4806 qnantum
523 4740 594 4792 enim
612 4736 644 4788 eti
662 4737 809 4804 iegilimet!
833 4734 1002 4786 dominorum
1028 4729 1135 4786 ledttilet
1159 4737 1187 4786 in
1236 4743 1403 4794 aneisnnm
1417 4755 1470 4789 non
1489 4734 1614 4787 habuisse
1632 4732 1777 4786 mandatum
1796 4731 1900 4802 plenum
1920 4723 2042 4796 arripien-

373 4840 415 4878 res
434 4837 491 4873 sues
511 4821 630 4874 restricte
648 4831 689 4874 est
708 4838 755 4889 per
774 4820 843 4886 ¹etrus
861 4819 962 4881 uiriles,
982 4828 1009 4868 ut
1022 4816 1088 4870 rdeo
1105 4819 1187 4886 aaitt,
1237 4826 1267 4877 di
1287 4822 1474 4893 possesdouem
1493 4817 1614 4888 praetii,
1631 4833 1689 4870 rum
1709 4815 1848 4868 deiuumus
1872 4803 2041 4867 animatust·

373 4909 438 4960 iieel
454 4905 560 4958 tiomitts
578 4905 668 4968 falesii,
689 4913 774 4954 lemen
792 4899 946 4970 Georgium,
965 4909 1090 4970 nepotem.
1101 4917 1186 4965 tuttm,
1237 4903 1345 4966 flasset,
1373 4903 1487 4971 indeque
1513 4916 1565 4972 pto
1585 4901 1724 4970 spoliatum
1748 4897 1838 4951 haberi
1864 4913 1961 4966 porse,
1980 4882 2047 4958 quoti

375 4990 533 5044 alienatione
550 5005 656 5042 suarum
683 5003 769 5062 rernm
795 5001 849 5039 non
875 4986 991 5056 potnerit
1019 4984 1047 5036 in
1072 4985 1189 5052 legitime
1239 4987 1430 5042 mandatarium
1451 4984 1642 5060 haeredumlab
1661 4985 1781 5040 intestato
1804 4982 1947 5034 admittere
1963 4975 2042 5029 uolue-

373 5088 493 5142 gratare,
507 5089 554 5143 per
572 5073 588 5126 i.
610 5069 741 5142 quonium
763 5070 807 5121 32.
824 5085 847 5122 s·
866 5069 898 5122 de
915 5066 996 5136 inoffi
1014 5077 1070 5120 test.
1090 5069 1118 5118 in
1133 5079 1190 5120 tan·
1238 5073 1283 5125 rit.
1301 5071 1374 5125 Nam
1390 5071 1452 5123 iicet
1469 5070 1532 5121 haee
1549 5068 1637 5121 omnia
1657 5067 1697 5120 sic
1715 5085 1742 5120 se
1761 5065 1900 5126 haherent,
1916 5074 1998 5116 tamen
2009 5051 2077 5130 ‹ii-p.

321 5179 358 5232 12
377 5167 443 5220 tum,
463 5165 492 5209 ut
509 5173 555 5208 nec
574 5157 718 5225 legitimum
739 5156 765 5206 in
786 5155 897 5224 pecunie
916 5161 1051 5206 numerata
1073 5156 1190 5225 praecise
1238 5165 1277 5207 cta
1296 5153 1416 5223 exceptio
1429 5152 1508 5222 spolii
1526 5167 1578 5203 nun
1599 5161 1681 5220 potest
1699 5151 1790 5211 tertio,
1803 5149 1848 5218 qui
1862 5141 2042 5216 juspnasidett·

381 5242 515 5308 assignare
529 5239 648 5292 saltent.
661 5237 764 5292 Besoid.
776 5237 872 5291 consil.
890 5239 949 5290 197.
965 5255 992 5290 rt.
1005 5237 1036 5290 9.,
1238 5239 1267 5291 di
1289 5237 1388 5302 hahet,
1402 5234 1596 5306 praejudicareg
1615 5251 1664 5288 uec
1689 5235 1761 5286 enim
1786 5233 1881 5285 lectum
1900 5221 2043 5300 spoliantis

323 5358 359 5410 ,3
414 5324 465 5376 llis
484 5339 546 5392 ergo
562 5340 590 5376 se
608 5322 642 5374 ita
663 5319 835 5389 habentibus,
854 5337 902 5374 uec
919 5323 988 5374 trina
1007 5318 1068 5371 huic
1085 5317 1188 5374 licitum
1239 5321 1337 5385 tertia,
1355 5321 1401 5390 qni
1418 5337 1470 5372 aun
1489 5319 1629 5388 spoliarit,
1646 5317 1739 5370 obesse
1756 5325 1848 5388 potest.
1866 5313 2041 5380 tonzauerr·

378 5405 450 5470 init,
467 5407 556 5476 nepoti
575 5405 734 5476 praecipere,
753 5415 783 5458 ut
813 5407 870 5474 ipse
900 5404 1030 5474 legitimae
1058 5404 1116 5456 loco
1144 5404 1188 5458 eo.
1239 5407 1272 5462 de
1289 5415 1390 5478 except.
1409 5423 1438 5475 p.
1457 5405 1482 5456 l.
1500 5422 1557 5472 cup.
1577 5405 1621 5455 18.
1638 5421 1666 5456 ra.
1687 5406 1730 5454 10.

377 5483 475 5546 mareas
491 5489 640 5561 acciperet,
660 5487 706 5543 red
726 5488 856 5558 Georgius
876 5503 908 5540 ex
926 5487 945 5539 l.
963 5483 1123 5540 omnimodo
1145 5487 1195 5540 30..
1275 5488 1362 5557 Quare
1379 5497 1480 5540 certum
1493 5485 1613 5538 manebat
1623 5523 1632 5551 ,
1644 5484 1769 5538 hreredes
1787 5483 1820 5538 eh
1839 5483 2038 5550 internuptae
2055 5497 2086 5552 tn

379 5596 402 5632 c.
419 5578 452 5632 de
469 5572 550 5646 inoffi
567 5584 675 5630 testum.
693 5571 726 5627 ad
746 5573 962 5645 supplementum
987 5569 1121 5640 legitimae
1151 5586 1192 5624 se·
1239 5571 1312 5626 dium
1332 5571 1493 5645 quaestionis
1509 5571 1614 5627 tcttont-
1628 5569 1705 5642 spolii
1720 5578 1837 5642 repetere
1853 5584 1905 5624 nott
1924 5579 2003 5640 pusse-
