4470 6188
169 257 174 262 ¹
233 295 289 353 sss
787 303 837 358 ιιι
853 301 944 360 torte
963 303 1187 364 ruontsetvot
1203 319 1266 362 arc.
1763 319 1815 378 tot

175 386 264 461 ipsius
282 385 363 441 vieini
383 387 567 450 imbecillioris
584 393 782 464 detrusionem,
801 417 996 473 quamoppres·
1047 405 1197 466 stilitatcru,
1216 417 1241 456 et
1261 403 1451 458 es'ructiooem
1470 403 1530 461 lieri
1551 410 1585 463 ad
1605 409 1797 479 defensionen,
1821 435 1859 472 re·

176 469 279 524 sionem
299 472 333 524 att
354 479 485 543 praesumi
506 490 605 549 potest,
624 482 752 538 dimittat.
1047 487 1173 557 gulariter
1192 487 1412 556 praesumendum
1431 508 1497 556 esse,
1517 491 1591 546 addit
1611 495 1866 568 iusuper,qnamris

211 549 299 624 §³2
319 556 443 628 Adeoque
461 579 553 630 parurn
574 565 677 618 roboris
696 568 724 618 lu
743 566 859 638 speciosa
882 567 934 620 ista
959 582 998 620 ae·
1048 587 1081 626 es
1101 570 1156 622 illis
1174 571 1262 624 noceri
1283 571 1381 639 possit,
1400 571 1428 624 tt
1449 579 1535 629 tamen
1556 593 1607 630 unu
1631 581 1706 648 prius
1732 583 1868 653 suspican-

174 639 274 706 quitate
291 651 348 703 est,
366 651 392 694 et
407 641 427 692 si
442 642 584 698 dicendum
605 649 673 718 qnod
693 665 734 702 res
753 663 808 714 ert,
835 654 919 718 maior
946 651 999 720 ple-
1049 658 1127 718 duva,
1145 671 1225 724 quant
1244 654 1277 706 de
1295 660 1384 708 animo
1403 655 1546 711 invadendi
1566 671 1684 726 constet,
1710 675 1734 716 et
1758 665 1867 734 quidem

177 738 290 793 rnrnque
307 727 448 778 aemulatio
474 741 501 782 er
527 731 627 784 invidia
653 749 692 786 est
721 734 748 786 iu
775 735 998 804 prohibentibus,
1049 756 1078 792 ea
1098 737 1267 798 certitudine,
1286 740 1398 806 quaein
1419 742 1513 794 morali
1534 745 1649 797 materia
1669 745 1754 800 locum
1773 749 1867 816 babet,

175 821 255 870 quam
276 806 304 856 in
324 805 536 866 aedificantibus.
555 814 592 867 lta
612 817 683 866 euius
703 833 762 868 ocus
783 818 898 885 ingeniis
913 816 1001 870 birrus·
1050 824 1102 880 rid.
1121 823 1199 877 Grot.
1217 823 1260 876 trs.
1276 824 1300 874 2·
1322 819 1408 877 clii.
1429 840 1457 880 tt.
1479 828 1504 880 ll.
1521 829 1763 900 l’rtantpattsentra
1778 849 1872 905 scopos

175 889 221 983 uis
242 905 421 958 coutptruum
442 903 495 958 est,
523 906 551 948 ιιι
576 898 731 968 plerumque
754 900 866 952 alioruin
886 904 1001 954 actiones
1052 921 1088 964 est
1107 919 1131 960 et
1148 919 1200 960 cast
1220 909 1314 960 lloruru
1334 918 1359 960 et
1380 907 1580 976 fortalitiorum,
1603 923 1631 965 nt
1648 911 1717 966 fines
1735 916 1808 984 regui
1831 927 1871 969 ιιι-

178 969 231 1022 sabi
252 975 485 1040 reprehendendas
504 993 624 1046 sumantr
652 993 678 1034 et
710 986 799 1036 nescio
823 995 918 1053 quinta
941 1001 1001 1036 cnm
1055 1004 1093 1044 tos
1112 1002 1253 1058 praestent,
1270 991 1401 1044 inretores
1419 1006 1531 1056 arceant,
1551 996 1636 1050 bostes
1650 1017 1697 1066 per
1711 1001 1755 1052 illa
1769 1019 1873 1054 moren-

178 1057 312 1125 voluptate
330 1060 408 1110 alteri
428 1059 558 1132 imperare
576 1066 695 1136 plerique
713 1069 801 1124 reltut.
822 1070 942 1122 lus-idere
958 1087 1000 1122 sn·
1053 1085 1102 1136 tur,
1120 1070 1151 1122 ud
1170 1073 1237 1142 quod
1258 1075 1442 1142 praestandum
1456 1077 1574 1144 alioquin
1595 1083 1728 1134 mouimus
1751 1085 1871 1152 quondo·

177 1139 233 1192 lent
252 1141 299 1193 alii
321 1141 360 1192 illi
382 1145 516 1211 maxime,
536 1150 580 1217 qui
601 1151 649 1204 soli
671 1170 757 1206 rerum
777 1155 858 1224 potiri
879 1152 1004 1224 gestiunt,
1056 1173 1106 1222 que
1124 1159 1255 1210 esercitus
1274 1152 1422 1210 difficulter
1449 1155 1558 1212 sufficit.
1587 1163 1672 1229 Quam
1704 1163 1739 1215 ob
1766 1182 1820 1218 reru
1847 1175 1876 1222 et

178 1224 200 1277 si
217 1227 290 1294 justa
310 1243 340 1280 se
364 1229 485 1294 videant,
504 1232 549 1300 qui
569 1236 685 1303 aequalis
708 1248 768 1290 suut
793 1239 939 1307 potestative
957 1236 1004 1292 elii
1055 1239 1165 1293 Grotius
1183 1257 1254 1294 arces
1275 1243 1301 1292 in
1322 1237 1419 1292 linibus
1438 1253 1547 1296 structas
1566 1244 1638 1296 inter
1657 1261 1809 1314 argumenta
1827 1269 1873 1320 pr·

176 1311 279 1363 veroid
293 1317 380 1379 aegris
400 1314 537 1368 intuentur
554 1318 655 1384 oculis,
674 1319 696 1371 si
714 1323 783 1390 justa
803 1339 830 1374 se
849 1322 874 1370 id
890 1317 948 1372 beri
967 1320 1005 1372 vl·
1055 1323 1092 1374 cis
1113 1320 1209 1374 fractae
1228 1333 1283 1376 turn
1303 1324 1408 1377 demum
1424 1323 1519 1390 refert,
1539 1327 1561 1378 si
1581 1345 1633 1380 aon
1654 1330 1745 1382 tuendi
1765 1333 1809 1382 sed
1825 1353 1876 1386 no.

176 1393 259 1456 eleut,
278 1397 347 1464 quod
368 1397 419 1466 ipsi
441 1396 526 1451 lacere
544 1415 687 1471 nequeunt,
707 1417 729 1457 et
748 1405 769 1456 si
789 1405 1004 1475 riciunso,queru
1054 1403 1129 1456 cendi
1151 1405 1236 1472 gratia
1259 1416 1397 1458 extructae
1421 1403 1536 1473 luerint,
1562 1410 1617 1460 vid,
1646 1409 1691 1462 lib.
1712 1415 1739 1464 3.
1758 1413 1791 1466 de
1813 1415 1876 1483 jare

178 1481 255 1552 paulo
268 1480 297 1530 in
310 1499 391 1547 aequo
417 1485 531 1554 positum
554 1484 652 1552 inisse,
679 1488 862 1553 recordantur,
880 1507 944 1542 nora
964 1490 1004 1540 iu·
1054 1484 1242 1550 bellietpocit
1254 1487 1495 1553 ⁰⁰1³·²⁰·i·⁴⁰·'¹
1521 1492 1550 1542 ³·
1569 1491 1716 1546 sumum
1735 1499 1787 1548 ⁸¹⁵¹
1806 1502 1876 1566 ‘iffi‘

178 1565 236 1618 dies
256 1582 317 1618 snae
331 1565 419 1620 domui
436 1571 569 1638 potentiue
587 1585 612 1626 et
633 1571 766 1626 solicitant
780 1573 901 1628 invehere
922 1575 1004 1628 iucre-
1055 1566 1115 1618 (ΜΠ
1129 1569 1237 1634 l‘lliffil
1257 1583 1422 1636 argrnnrntas
1442 1580 1548 1640 ”ll‘illl'
1570 1577 1727 1643 *immitis
1749 1594 1876 1650 ”fi‘flffll

183 1661 290 1716 menta,
307 1665 365 1700 cum
382 1652 433 1722 ιρι
450 1653 477 1704 ιιι
498 1655 622 1724 pristinis
642 1659 804 1721 subsistant,
822 1669 845 1710 et
868 1678 881 1710 a
907 1657 1004 1710 ricinis
1055 1651 1202 1706 unctione.
1220 1655 1329 1720 civiles,
1348 1659 1444 1724 quibus
1461 1663 1638 1714 communiter
1657 1663 1730 1717 illam
1750 1670 1877 1738 prosequi

180 1733 251 1786 ultra
272 1734 508 1806 progredientibus
527 1739 603 1808 louge
628 1750 687 1810 post
714 1742 907 1812 relinquantur.
932 1743 1003 1794 llius
1054 1736 1152 1800 wirnt,
1173 1740 1314 1808 praecipue
1332 1740 1387 1794 lex.
1412 1743 1440 1794 3.
1455 1739 1497 1809 Ι.
1518 1743 1550 1795 de
1565 1745 1666 1813 operte.
1682 1747 1754 1813 pntt.
1776 1752 1875 1806 Verum

177 1819 300 1872 oriuntur
315 1823 477 1886 simultates,
497 1823 645 1876 exardescit
665 1825 779 1892 invidia,
792 1827 864 1894 cujus
879 1821 1005 1878 finieran-
1053 1833 1112 1868 cum
1133 1822 1176 1872 illa
1196 1822 1336 1875 stltoodtttu
1357 1821 1450 1876 ιιιιιιιι
1468 1825 1524 1876 sint
1544 1825 1598 1888 ltis,
1618 1845 1682 1894 qvtae
1702 1829 1730 1880 in
1744 1833 1876 1900 superiorl

179 1901 240 1954 dem
258 1915 296 1956 est
318 1904 501 1959 tristissimum
522 1908 623 1962 odium.
643 1909 825 1979 Quapropter,
844 1911 1004 1978 risispotio-
1054 1907 1229 1976 §.copiosius
1248 1906 1422 1971 adduximus.
1442 1908 1497 1961 init
1516 1910 1663 1978 “Pelettdit
1689 1923 1715 1964 ιι
1741 1929 1876 1968 rereosen·

180 1987 256 2040 ribus
275 1989 439 2054 rationibus,
458 1992 554 2058 quibus
572 2002 689 2046 suctores
701 1994 844 2048 adversarii
859 1995 897 2046 uti
910 1997 1003 2058 solent,
1053 1993 1096 2044 dis
1115 2011 1145 2044 eo
1164 1993 1247 2060 magis
1265 1991 1403 2055 abstineo,
1424 2008 1458 2046 Μ
1475 1992 1545 2045 ‘¹50¹'
1563 2005 1590 2046 ⁸²
1609 2004 1665 2048 ιιι·
1692 1997 1779 2050 denno
1805 2015 1876 2053 ιω·

181 2091 215 2129 es
227 2077 313 2144 capite
329 2077 513 2130 aemulationis
532 2095 584 2131 non
599 2089 670 2132 racto
681 2080 760 2132 creato
772 2079 877 2132 institui
891 2081 930 2148 jus
943 2097 1001 2148 pro·
1052 2091 1155 2130 sntnere
1173 2077 1279 2138 ridear,
1297 2075 1437 2144 praecipue
1454 2092 1511 2128 curn
1527 2077 1642 2131 ulteriori
1654 2096 1705 2132 uon
1730 2081 1871 2149 indigeant

183 2157 303 2210 bibendi.
324 2159 397 2228 Quae
415 2161 560 2228 sententia,
580 2171 638 2214 utut
664 2182 678 2214 a
705 2161 838 2232 plerisque
861 2161 1001 2216 divortium
1052 2157 1255 2226 «inquisitione,
1274 2168 1409 2226 lt⁰⁵¹ti¹¹¹¹¹¹
1429 2156 1652 2224 iudi⁰5⁰⁵ittitttttr
1674 2164 1750 2215 ictos
1772 2166 1873 2237 Ziegle·

179 2240 272 2308 faciat,
293 2245 375 2312 magis
398 2255 485 2297 tamen
505 2246 666 2299 couveniens
684 2258 797 2301 ealcum
814 2247 1004 2317 tranquillitate
1052 2258 1095 2294 rus
1115 2242 1201 2306 nibil,
1219 2243 1288 2313 quod
1307 2241 1339 2293 ad
1360 2241 1428 2292 banc
1447 2242 1587 2294 materiam
1616 2245 1779 2313 pertineret,
1804 2254 1876 2302 orni.

179 2328 300 2400 publica,
320 2328 403 2380 salute
419 2338 446 2382 et
462 2331 551 2398 quiete
570 2331 743 2400 reipublicae,
768 2349 846 2400 quum
873 2331 895 2383 si
921 2331 1001 2384 alteri

181 2411 393 2474 sultsoriberem,
411 2431 478 2482 quae
495 2429 527 2464 ex
547 2413 704 2482 imaginario
728 2414 912 2468 aemulationis
937 2415 1001 2470 vitio

181 2495 278 2550 multos
299 2514 458 2568 magnosque
478 2515 555 2566 saepe
571 2501 666 2550 excitat
695 2510 787 2552 morus.
806 2497 911 2551 Exinde
927 2499 1001 2552 enim

181 2583 305 2636 oriuntur
324 2582 412 2648 bella,
432 2580 545 2636 subinde
563 2599 644 2636 norae
662 2581 818 2651 proueniunt
835 2582 911 2647 lites,
931 2585 1001 2652 sopi-

184 2673 224 2717 lae
243 2666 451 2727 recrudescunt:
470 2665 565 2735 quibus
584 2665 760 2718 incommodis
777 2665 901 2718 omnibus
926 2685 1000 2720 rom·

185 2749 262 2803 mode
280 2767 419 2817 caremus,
439 2750 479 2811 si,
499 2758 599 2803 remoto
617 2749 695 2801 bocce
720 2749 903 2801 aemrrlationis
926 2768 1001 2819 argu·

182 2843 288 2898 mento,
307 2833 475 2904 principibus
494 2832 644 2884 facultatem
659 2833 882 2885 munimentorum
896 2833 1001 2902 erigen-

181 2915 293 2982 dorutn,
312 2917 487 2980 naturaliter,
504 2926 531 2969 et
549 2917 573 2967 ri
593 2916 688 2968 aurumi
709 2914 817 2985 imperii
844 2917 910 2987 ipsis
927 2935 999 2971 corn.

182 3012 316 3072 petentem
336 3019 496 3064 asseramus,
511 3011 535 3054 er
554 3000 681 3066 liberem,
699 3015 861 3068 quocumque
884 2999 941 3053 loco
960 3017 1003 3054 cs·

181 3086 339 3150 erceovlrm,
358 3087 457 3140 tamdiu
476 3085 671 3154 relinquamus,
699 3081 782 3137 donec
807 3085 847 3138 vel
872 3102 917 3152 per
941 3103 1003 3138 oon·

181 3172 331 3225 sentinurru
352 3171 391 3223 rel
405 3186 453 3239 per
468 3179 539 3236 pacta
559 3168 621 3220 ltuio
639 3169 748 3220 urtornli
769 3167 883 3220 facultati
902 3184 1000 3222 renuu-

180 3256 220 3308 ria
234 3273 296 3320 nm,
317 3255 357 3309 vel
375 3256 526 3324 derogatum
546 3263 594 3308 est.
612 3252 652 3306 Ne
671 3262 773 3318 tanen,
791 3270 857 3323 qnae
869 3253 1003 3323 bucusque

183 3343 346 3412 aplerisque
365 3343 434 3408 iuris
452 3340 541 3393 ciuilis
560 3338 751 3409 interpretibus
773 3338 807 3390 de
830 3337 1003 3392 aemulatione

180 3427 295 3496 scripta,
316 3426 428 3488 tradita,
448 3435 473 3477 et
493 3439 540 3493 pro
559 3423 628 3476 reris
646 3421 736 3474 babitu
754 3433 822 3485 suut,
836 3422 940 3489 penitus
953 3419 1000 3474 ιιι·

181 3511 267 3562 sitatis
286 3526 411 3576 arguere,
426 3517 452 3560 el
470 3524 559 3560 eversa
578 3508 642 3559 selle
660 3505 765 3569 videar,
784 3502 864 3558 facile
895 3522 1001 3570 eorurn,

180 3595 226 3663 qui
241 3601 331 3644 eontra
348 3590 551 3646 aemulationem
570 3589 645 3641 verba
658 3585 770 3649 iaciunt,
784 3589 930 3640 sententiae
940 3585 1001 3641 solt·

183 3674 302 3727 scribere
319 3691 442 3745 possuan
461 3683 583 3743 recteque
600 3687 705 3740 semper
725 3681 833 3740 propter
852 3671 1001 3726 aemulatio·

183 3775 245 3812 tteru
264 3760 343 3812 credo
362 3757 469 3812 institui
489 3774 563 3828 posse
582 3754 807 3826 prohibitionem,
826 3757 1002 3823 quotiescum·

182 3860 235 3914 qne
254 3843 314 3895 talis
326 3859 401 3896 casus
417 3842 525 3904 existit,
544 3839 587 3892 nbi
607 3856 640 3893 ex
658 3857 723 3893 nora
743 3839 901 3892 munimenti
914 3851 1001 3893 estru-

183 3927 270 3980 ottone
289 3927 359 3976 nulla
378 3925 511 3977 astruenti
528 3923 644 3985 utilitas,
669 3922 715 3976 scd
740 3923 829 3976 vicino
855 3924 1002 3978 maximum

185 4006 383 4080 praejudicium
404 4005 608 4073 contingit,ubi
626 4023 659 4058 ex
678 4023 743 4063 truvo
769 4007 816 4059 illo
832 4023 913 4077 opere
932 4009 1001 4061 nulla

184 4108 299 4160 unquam
320 4091 447 4163 speranda
466 4089 601 4154 delensio,
628 4089 674 4146 teti
701 4091 806 4144 suimus
829 4091 937 4147 elrertsttt
960 4091 1002 4145 ni·

182 4173 309 4228 tendendi
329 4171 469 4228 rra-rolleno
484 4185 599 4244 apparel.

219 4267 242 4323 ς.
261 4261 307 4312 33.
325 4259 364 4311 ιιι
383 4259 446 4310 baec
464 4258 565 4311 dixisse
582 4253 706 4311 sufficere
720 4266 822 4328 posset,
837 4257 889 4311 uisi
906 4259 1000 4326 tribus,

183 4343 254 4414 qnod
272 4345 344 4412 ajunt
363 4343 463 4402 verbis,
484 4341 645 4402 mentionem
665 4340 751 4394 lacere
770 4341 941 4396 decrevissem
960 4362 1001 4397 ar·

182 4440 384 4499 gomorreorum,
402 4425 499 4496 quibus
516 4424 658 4476 adversarii
677 4426 718 4492 jus
737 4425 898 4494 prohibendi
918 4443 949 4478 es
962 4446 1002 4481 ae·

186 4515 329 4564 mutatione
348 4509 502 4580 prorenieus
519 4506 658 4560 defendere
683 4517 807 4576 satagunt
834 4507 874 4561 Ex
901 4511 1001 4574 indicio

187 4607 212 4646 et
234 4596 386 4648 testimonio
405 4592 435 4644 Β.
454 4591 557 4645 ιιοιιιιιιί
579 4592 695 4662 Ziegleri
721 4595 755 4646 de
766 4593 878 4665 juribus
897 4595 1001 4668 majest.

185 4679 231 4732 tit.
247 4681 270 4731 l.
284 4695 343 4750 cop.
357 4679 433 4744 SM.
450 4679 491 4728 ll.
513 4677 617 4730 erudite
636 4677 684 4730 boc
704 4690 887 4742 argumentum
907 4685 1001 4733 lracls·

186 4765 222 4814 vit
239 4760 375 4815 Alberieus
393 4762 501 4832 gentilis
520 4761 627 4835 dejure
640 4761 797 4826 tertrtrnt.
819 4777 881 4827 cop.
901 4761 945 4812 tt.
964 4763 1001 4814 ita

186 4857 291 4908 remen,
311 4855 336 4896 ut
357 4861 388 4896 es
413 4846 519 4898 atlversa
547 4848 630 4913 rungis
657 4856 705 4897 stet
733 4854 815 4914 purte.
843 4847 1002 4912 Argumenta

186 4930 244 4997 ejus
263 4939 379 4982 recenset
399 4929 455 4979 loeo
472 4929 569 4994 citato,
587 4945 729 4997 eorumque
753 4929 891 4998 praecipua
916 4927 1003 4998 capita

185 5028 291 5080 summo
310 5011 474 5082 iutligttuntln
493 5023 569 5066 eruor
593 5011 687 5080 digito.
715 5011 779 5064 Vult
803 5009 928 5079 gentilis,
948 5027 1001 5064 non

186 5099 267 5151 licere
286 5097 401 5168 principi
421 5113 493 5152 arces
512 5095 649 5152 seditione
668 5097 696 5149 ιιι
716 5093 834 5160 finibus,
849 5097 909 5165 quit
925 5095 950 5148 id
967 5095 1003 5150 ia·

187 5181 336 5236 nereidem
357 5179 436 5246 loret,
456 5199 485 5234 ac
503 5192 586 5234 castra
604 5181 700 5234 alienis
723 5179 863 5232 admovere
885 5177 1001 5244 loribus,

189 5265 257 5335 quud
266 5304 275 5330 ,
294 5275 350 5321 utut
371 5265 398 5316 iu
419 5265 527 5335 proprio
544 5266 599 5318 solo
618 5261 662 5316 liat
672 5301 682 5328 ,
701 5264 729 5315 ιιι
742 5277 827 5318 tamen
841 5264 962 5333 iniquum
977 5277 1004 5320 el

187 5349 315 5418 injustum
335 5366 408 5414 esse,
427 5350 510 5404 cuivis
528 5349 605 5402 l'acile
630 5367 686 5404 essa
712 5349 856 5402 intellectu.
888 5351 1004 5420 lleponit

185 5433 217 5485 at
238 5431 303 5486 illud
323 5450 382 5486 suas
400 5435 596 5504 responsiones,
613 5449 682 5503 quse
699 5451 799 5486 surnroa
814 5435 1003 5502 perspicuitate

187 5526 209 5567 et
230 5517 411 5569 essctitndine
430 5532 457 5567 se
474 5515 675 5581 commendant,
693 5516 736 5568 dn.
752 5519 895 5584 zveglerus.
914 5529 1000 5569 orten-

185 5599 286 5662 deudo,
306 5603 448 5654 maximam
469 5601 513 5654 ltio
532 5603 559 5654 lu
578 5615 685 5671 utroque
703 5600 865 5654 intercedere
877 5600 1001 5656 timcan-

185 5683 264 5742 tiator
283 5699 317 5735 ex
338 5685 490 5736 admotione
507 5695 652 5738 castrorum
672 5685 845 5755 colligendam
872 5703 930 5742 ease
955 5686 1001 5740 bo·

275 5767 382 5838 Stryitt'r'
396 5767 458 5820 Vnt.
488 5770 568 5822 Vttr.

1053 2327 1133 2389 serit,
1151 2337 1178 2377 er
1196 2328 1226 2376 ad
1248 2325 1291 2376 illu
1306 2323 1421 2376 liherici
1442 2326 1548 2392 portulis
1568 2327 1630 2378 teliu
1649 2332 1874 2404 regesserir,qni·

1053 2408 1102 2463 btts
1121 2427 1167 2462 nec
1185 2409 1248 2478 quid
1268 2408 1361 2460 melius
1379 2409 1477 2473 scrttr,
1497 2425 1544 2462 neo
1562 2413 1706 2480 excogitari
1725 2425 1819 2482 polest.

1088 2489 1112 2560 5.
1132 2492 1176 2544 il.
1198 2495 1254 2546 lloo
1272 2493 1331 2544 loco
1349 2492 1427 2543 liceat
1444 2509 1547 2560 quoque
1566 2495 1733 2562 interponere
1751 2500 1876 2555 materiis

1053 2577 1149 2646 passiru
1175 2576 1307 2644 quondam
1335 2576 1367 2625 ub
1393 2575 1544 2628 auctoribus
1572 2585 1707 2644 tractatas,
1747 2600 1875 2654 quasque,

1050 2671 1175 2730 quantum
1196 2661 1381 2726 conjecturare
1400 2659 1481 2724 licet,
1500 2661 1615 2714 maxima
1635 2679 1696 2731 pars
1708 2667 1873 2722 eruditnrnru

1053 2745 1133 2796 ltodie
1149 2742 1314 2812 sarperlluas,
1332 2755 1356 2794 et
1377 2745 1440 2794 uulli
1462 2743 1626 2796 dubitationi
1647 2747 1776 2802 obnoxias
1803 2755 1874 2817 judi·

1051 2825 1130 2880 cabit.
1148 2827 1221 2879 lnter
1239 2828 1298 2878 illas
1317 2826 1405 2894 primo
1425 2828 1484 2878 loco
1508 2844 1605 2898 ponere
1629 2829 1712 2884 debeo
1738 2842 1872 2902 quaestin-

1053 2931 1127 2975 nem,
1146 2929 1179 2963 su
1199 2911 1333 2982 principes
1352 2910 1465 2964 brbeaut
1481 2915 1524 2980 jus
1544 2914 1722 2982 probibendi,
1742 2920 1764 2970 sl
1779 2923 1873 2978 subdi.

1052 3000 1072 3050 ti
1092 3001 1119 3048 iu
1139 2997 1194 3048 suis
1212 2997 1299 3062 aeris,
1314 2996 1393 3047 terris
1412 3007 1438 3046 et
1458 2997 1616 3049 ditionibus
1636 3003 1800 3058 tuuuiroeuta
1820 3013 1874 3062 eri·

1050 3099 1113 3153 gere
1132 3075 1232 3132 relicti
1253 3077 1446 3129 Abstinuissrru
1466 3076 1498 3129 ab
1515 3077 1667 3144 bujusruotli
1682 3093 1872 3160 controversis,

1052 3164 1105 3218 uisi
1124 3161 1298 3234 quorumdam
1317 3162 1438 3230 exemplu
1459 3178 1502 3214 me
1521 3162 1554 3212 ad
1575 3164 1602 3214 ivl
1623 3163 1773 3221 iaciendum
1797 3171 1874 3227 ιιιιΙιι.

1052 3251 1163 3303 sissent.
1184 3248 1289 3302 Decisio
1309 3247 1418 3298 interim
1436 3258 1461 3300 et
1478 3248 1596 3300 assertio
1611 3249 1678 3301 milti
1695 3251 1797 3306 ridetur
1814 3256 1875 3308 loci.

1052 3333 1102 3394 lis,
1121 3340 1148 3382 cr
1167 3328 1367 3382 fundamentum
1383 3330 1461 3397 buius
1474 3331 1566 3384 asserti
1582 3348 1634 3386 noo
1646 3349 1757 3401 operose
1769 3341 1821 3392 erit
1832 3343 1875 3393 iu·

1051 3416 1242 3483 vestigandum.
1262 3415 1367 3468 Etenim
1388 3414 1464 3481 buius
1483 3415 1590 3484 generis
1618 3417 1722 3471 civibus
1748 3421 1775 3472 iu
1796 3439 1876 3495 repu.

1052 3499 1136 3560 blica,
1147 3500 1192 3567 qui
1208 3509 1330 3568 parentes
1348 3511 1376 3552 et
1393 3499 1550 3553 obedientes
1570 3513 1652 3566 suot,
1672 3503 1752 3557 bodie
1769 3510 1801 3559 arl
1822 3517 1875 3564 mi·

1053 3586 1155 3636 nimum
1174 3581 1261 3636 obstat
1274 3580 1392 3642 conditio
1412 3587 1453 3635 sui
1473 3595 1575 3648 sistus,
1593 3597 1617 3640 er
1632 3588 1689 3652 iure
1702 3593 1877 3661 subjectionis

1051 3687 1065 3722 s
1082 3665 1203 3720 facultate
1220 3681 1245 3722 et
1261 3669 1320 3736 jure
1339 3668 1388 3721 ltno
1408 3667 1555 3720 muniendi
1576 3673 1676 3724 exclusi
1695 3685 1766 3729 suut.
1784 3681 1832 3732 lus
1846 3683 1878 3733 il.

1049 3749 1097 3802 lud
1115 3751 1217 3804 nemini
1243 3751 1440 3822 usurpandum,
1466 3752 1519 3804 uisi
1542 3753 1578 3805 ιιιι
1606 3773 1683 3823 quern
1703 3737 1878 3828 iisstipnpj„

1052 3836 1146 3907 repuli.
1165 3844 1283 3908 spectat,
1301 3837 1334 3890 ad
1352 3853 1430 3907 quern
1450 3836 1524 3906 pacis
1547 3845 1575 3889 et
1588 3836 1650 3890 belli
1665 3841 1805 3900 arbitrium
1820 3867 1879 3921 spe·

1052 3933 1120 3988 crat,
1139 3923 1163 3974 is
1181 3931 1293 3975 veruest
1306 3921 1448 3990 princeps,
1464 3938 1597 3990 uunquam
1612 3926 1723 3979 subditi.
1739 3931 1877 4004 Postquam

1051 4007 1124 4059 enim
1144 4005 1171 4059 ιιι
1191 4006 1341 4058 societatem
1360 4003 1474 4057 civitatis
1492 4008 1629 4071 coierunt,
1648 4019 1674 4062 et
1699 4017 1872 4072 securltstenr

1052 4105 1115 4144 suae
1126 4087 1219 4142 salutis
1236 4088 1369 4159 principis
1388 4087 1516 4158 providae
1534 4103 1612 4143 curae
1628 4101 1655 4144 et
1668 4094 1801 4149 voluntati
1817 4101 1879 4153 arib-

1053 4175 1201 4236 tttiserunt,
1226 4184 1293 4226 reete
1317 4172 1444 4241 princeps
1468 4173 1593 4226 adsersus
1620 4174 1687 4230 istos
1715 4179 1801 4232 utitur
1821 4185 1882 4250 jure

1051 4255 1229 4330 prohibendi3
1255 4273 1302 4310 trec
1328 4259 1401 4324 jotst
1426 4271 1590 4325 quocumque
1617 4259 1737 4326 specioso
1772 4266 1882 4322 nomine

1052 4340 1159 4404 (dicere
1176 4341 1250 4394 enirn
1270 4338 1361 4392 forsan
1382 4347 1505 4408 possent,
1522 4337 1592 4408 quod
1613 4341 1763 4414 prinoipem
1789 4350 1877 4403 sulrle·

1052 4441 1114 4478 rare
1133 4433 1160 4477 et
1179 4441 1240 4479 suae
1266 4423 1393 4494 propriae
1413 4423 1487 4476 saluti
1507 4426 1644 4478 consulere
1661 4429 1743 4482 velint
1755 4435 1764 4495 )
1777 4430 1829 4484 sibi
1852 4434 1881 4487 id

1051 4515 1093 4581 ius
1114 4527 1241 4582 usurpare
1260 4509 1351 4566 velint.
1371 4507 1502 4562 Corruuur
1530 4511 1618 4582 itaque
1644 4530 1699 4567 uuo
1729 4516 1783 4570 tcto
1807 4536 1883 4588 argu-

1055 4611 1140 4650 meurs
1160 4595 1205 4648 illa
1222 4591 1323 4656 omnia,
1343 4592 1447 4661 quando
1466 4591 1563 4656 dicunt,
1583 4597 1625 4662 jus
1642 4597 1785 4650 muniendi
1800 4601 1881 4670 perti·

1053 4695 1118 4732 uere
1133 4679 1165 4730 ad
1184 4675 1385 4739 deiectionem,
1401 4675 1428 4724 id
1452 4689 1485 4728 ex
1504 4679 1672 4747 praescripto
1691 4681 1759 4748 juria
1778 4695 1883 4738 natura·

1053 4763 1087 4815 lis
1108 4771 1257 4829 competere
1274 4758 1377 4818 cuivis,
1396 4774 1444 4810 uec
1463 4777 1478 4810 a
1498 4761 1623 4814 summis
1643 4761 1812 4832 principibus
1825 4769 1881 4821 tolli

1053 4847 1090 4900 vel
1109 4844 1191 4896 adimi
1211 4859 1296 4914 posse.
1315 4838 1360 4892 titt
1378 4841 1586 4912 jurat,qusudu
1602 4855 1707 4912 urgeor,
1721 4849 1880 4916 privsloruus

1052 4930 1161 4982 cuilibet
1181 4943 1276 4980 novum
1295 4941 1360 4995 opus
1387 4921 1476 4976 lacere
1502 4940 1561 4978 esse
1594 4925 1744 4994 integrum,
1771 4931 1880 4988 domum

1052 5015 1135 5068 carinis
1152 5030 1208 5066 csse
1228 5013 1393 5065 tutissimum
1413 5008 1565 5078 relugium,
1594 5013 1700 5064 nemini
1730 5014 1796 5068 vitio
1823 5035 1880 5070 ver.

1055 5099 1162 5151 lettduru
1182 5097 1226 5150 rel
1238 5095 1455 5156 criminandum,
1474 5093 1496 5147 si
1516 5111 1563 5163 pro
1603 5095 1684 5149 salute
1701 5107 1725 5149 el
1745 5099 1882 5155 securitate

1056 5185 1150 5236 donnus
1167 5192 1191 5234 er
1211 5179 1328 5232 iumiliae
1347 5194 1408 5231 sose
1425 5176 1493 5246 quid
1525 5177 1664 5248 suscipiar.
1691 5179 1795 5234 Etcuisu
1818 5180 1882 5238 bor-o

1054 5277 1204 5318 ornamenta
1230 5263 1299 5314 uiltil
1318 5262 1444 5313 momenti
1465 5258 1573 5324 babent,
1592 5273 1616 5314 et
1642 5281 1705 5314 rsus
1728 5265 1825 5318 istltaee
1843 5279 1881 5324 ea

1055 5348 1198 5410 cantilena,
1218 5357 1314 5416 quanta
1334 5363 1393 5396 oum
1422 5343 1565 5396 barnrouia
1590 5357 1614 5397 et
1640 5361 1770 5402 consensu
1796 5350 1881 5420 pluo·

1056 5447 1166 5500 toroque
1182 5442 1323 5491 anctorum,
1348 5442 1478 5495 quomque
1498 5421 1651 5495 frequenter
1675 5429 1753 5482 etiarn
1779 5431 1880 5482 occiua·

1055 5525 1117 5578 ιιιι,
1137 5522 1275 5583 postquam
1288 5532 1302 5562 a
1318 5509 1425 5562 naturali
1446 5519 1516 5560 statu
1532 5510 1665 5563 libertatis
1676 5513 1705 5563 in
1719 5514 1819 5584 republ.
1832 5515 1880 5568 diu

1057 5600 1218 5666 oaultumqne
1236 5610 1364 5646 recessum
1384 5603 1438 5656 est,
1457 5601 1483 5644 et
1505 5595 1615 5646 rnrrlturn
1637 5597 1758 5658 intersit,
1772 5596 1878 5668 quando

1055 5681 1203 5736 naturaliter
1222 5695 1292 5734 cives
1309 5685 1335 5732 et
1354 5675 1416 5730 boui
1437 5675 1643 5811 parperiamilvas
1663 5681 1739 5732 rebus
1756 5693 1783 5736 at
1802 5697 1877 5734 secu·

1463 5763 1477 5810 l
