4470 6188
390 271 444 328 stt
878 269 900 284 ’“
946 273 1137 331 ntsruttt.
1157 275 1203 332 hl.
1221 273 1337 334 ciunt
1356 277 1404 334 ill.
1911 279 1965 335 dil

328 379 372 424 ess
384 370 475 424 natiso
494 367 625 422 idiomate
636 365 746 438 linguas
763 367 918 423 tentonicae
933 378 961 422 et
977 387 1013 422 ee
1032 372 1145 426 bituria
1198 373 1266 427 sicut
1283 375 1348 428 alies
1366 375 1396 427 in
1414 373 1565 432 actionibus
1589 373 1750 430 solemnibus
1773 371 1834 432 aliis
1854 379 1921 433 rarii
1947 379 2016 434 ritus

324 450 401 526 juris
425 449 529 506 nostris
547 449 643 520 puiius
661 449 756 503 mediis
773 467 835 503 cum
858 448 1081 516 destituerentur,
1101 455 1148 524 gui
1196 458 1298 511 soleant
1315 458 1447 513 adbiberi.
2037 450 2040 462 ¹

327 535 446 605 primum
461 534 586 604 aggressi
595 543 659 588 sunt
671 532 717 601 ius
725 534 839 600 siuduie
850 534 1037 602 interpretari,
1050 547 1078 591 at
1089 555 1146 593 ner·
1232 545 1253 600 t.
1274 538 1318 592 tt.
1335 539 1392 594 Nus
1409 557 1470 594 reso
1488 541 1589 595 unllam
1607 539 1725 593 ridemus
1739 539 1901 594 illationem
1916 541 2020 609 signum

330 617 371 670 dis
380 615 558 688 jurisnostri
573 614 727 670 alienasse
743 618 834 670 alieno
845 618 913 689 jure
928 619 1146 692 significationes
1203 626 1254 677 tale
1271 624 1355 692 signis
1373 628 1431 694 jure
1448 641 1557 679 romano
1575 627 1695 680 adbiberi
1721 625 1807 678 solitis
1832 625 1901 677 baud
1927 641 1974 696 pes
1991 643 2022 680 a·

330 702 523 773 affinxerunt,
535 710 562 754 et
581 701 661 754 relus
679 700 830 755 decidendis
844 704 992 771 peregrino
1008 703 1148 774 principia
1197 706 1268 760 mnia
1287 710 1421 763 convenit:
1441 727 1503 779 ergo
1521 725 1576 763 rem
1597 709 1681 778 ipsam
1701 725 1752 760 non
1771 707 1892 773 deuotam
1913 725 1960 760 nec
1973 723 2020 778 per

330 785 534 855 quaesiverunt.
551 785 733 852 Quodnescio
752 795 845 840 utrum
863 787 1022 850 infelicitati
1045 791 1147 844 sesnin·
1198 789 1364 844 inditionem
1383 795 1437 860 ejus
1457 794 1497 859 jus
1516 791 1545 843 in
1564 807 1621 844 rem
1641 791 1726 860 ipsam
1756 787 1922 843 transiertur.
1946 790 2018 844 Niti-

329 885 390 926 runs
402 867 515 923 istorum
528 868 745 934 adscribendum,
758 887 796 924 on
811 869 954 927 socordiae
965 871 1014 924 oei
1025 871 1149 927 malitiae
1202 880 1245 926 tus
1263 874 1327 926 haec
1343 875 1437 944 opinio
1455 873 1521 926 falso
1539 875 1617 928 toties
1635 882 1736 927 remoto
1753 889 1861 936 eornm,
1885 873 1931 942 qui
1956 889 2018 928 enm

330 954 505 1018 interpretum
519 952 671 1019 Italorum,
690 953 741 1026 y'us
766 962 909 1021 nostrum,
931 955 1011 1028 cuy'us
1033 955 1152 1027 imperiti
1198 959 1266 1010 ultra
1283 959 1326 1025 ius
1343 975 1479 1012 romanum
1500 975 1552 1011 non
1566 968 1693 1026 saperent,
1706 958 1796 1010 omnia
1808 956 1841 1008 ad
1855 957 1932 1010 istius
1945 958 2020 1028 psin-

330 1049 419 1102 esant,
432 1036 596 1108 supprimere
612 1037 802 1106 satagentium.
1198 1040 1266 1109 cipis
1286 1041 1421 1096 reserenda
1440 1041 1577 1095 ducebant.
1596 1040 1636 1092 bn
1656 1057 1708 1092 nnn
1728 1041 1801 1109 signa
1821 1037 1958 1092 beneficiis
1978 1057 2020 1095 ce·

327 1169 332 1176 .
367 1125 390 1188 §.
411 1123 455 1176 12.
473 1123 553 1192 Urget
568 1123 732 1174 contrarium
751 1123 873 1178 Strnsius
892 1122 926 1177 ex
946 1123 1057 1194 2feud.
1070 1127 1095 1178 2.
1107 1144 1149 1195 pr.
1199 1125 1356 1179 clesiasticis
1373 1135 1401 1178 et
1419 1125 1597 1187 secutaribus,
1618 1121 1746 1193 regalibus
1771 1131 1798 1176 et
1816 1138 1868 1174 nou
1888 1121 2019 1190 regalibus

330 1204 443 1277 2.seud.
460 1210 485 1260 ·t.
503 1209 527 1274 ς.
540 1210 564 1260 1.
584 1207 611 1260 2.
613 1207 696 1277 feud.
709 1207 752 1259 dd.
766 1215 788 1269 ς.
801 1207 828 1259 si
826 1208 920 1276 chtu.
940 1207 985 1264 ubi
1005 1209 1145 1262 incestitu-
1199 1204 1319 1273 diversa,
1339 1219 1364 1262 et
1383 1207 1525 1276 singularia
1543 1205 1600 1258 iere
1618 1205 1703 1257 enisis
1721 1203 1799 1258 leudo
1811 1202 1889 1271 regali
1903 1201 2019 1272 insignia

333 1313 390 1350 ram
409 1293 589 1356 straditione,
602 1309 668 1361 quae
684 1310 739 1346 mur
758 1287 851 1346 debeat
869 1294 990 1362 insequi,
1009 1293 1151 1349 manifeste
1200 1288 1294 1342 mittis
1313 1301 1390 1360 atque
1409 1291 1532 1361 imposita
1552 1289 1639 1358 ipsum
1658 1284 1764 1339 lendum
1778 1285 1900 1340 denotant
1911 1287 2019 1354 eiusque

334 1378 463 1448 distingui
482 1379 585 1432 asserit.
604 1377 656 1430 Sed
673 1375 705 1428 ad
726 1377 788 1429 bne'n
806 1379 860 1443 jam
874 1393 1032 1448 responsum
1045 1386 1085 1430 est
1096 1394 1153 1433 rer·

330 1463 376 1518 bis
394 1462 487 1516 Boruii
506 1466 529 1523 §-
547 1462 575 1512 ’1.
594 1459 639 1512 nbi
659 1460 730 1512 iuter
750 1461 948 1514 translationem
968 1461 1082 1516 dominii
1096 1463 1149 1516 uti·

331 1548 367 1600 lis
384 1557 412 1600 et
429 1543 603 1616 possessionis
620 1543 766 1611 distinguit.
784 1543 874 1612 Neque
892 1545 942 1596 aiia
962 1561 1036 1598 meus
1054 1555 1096 1600 est
1113 1549 1151 1600 al·

331 1631 411 1700 iegati
429 1632 470 1685 tit.
494 1627 610 1695 istud.
628 1644 671 1696 pr.
694 1643 791 1696 quum,
810 1627 992 1682 investituram
1014 1629 1150 1699 propriam

333 1733 400 1780 esse,
418 1733 478 1769 eum
497 1713 627 1784 possessio
645 1711 834 1780 corporaliter,
854 1711 1006 1775 abusivum,
1024 1725 1083 1764 cnm
1103 1729 1152 1781 per

334 1797 503 1852 traditionem
523 1793 690 1864 symbolicam
708 1795 748 1862 jus
767 1793 839 1848 leudi
861 1793 1029 1849 translertur.
1048 1795 1150 1851 Caeteri

334 1891 423 1936 textus
440 1879 530 1932 endem
551 1876 628 1932 murto
645 1877 832 1941 discutiuntur,
850 1887 877 1930 et
902 1888 1019 1931 nostram
1045 1881 1149 1950 potius,

333 1982 412 2034 quam
429 1962 584 2017 contrariam
602 1958 712 2014 firmant
730 1961 900 2030 hypothesin.
919 1960 1030 2033 Excipit
1041 1963 1150 2029 quidem

336 2047 477 2112 Strusins,
492 2045 693 2099 distinctionem
711 2044 783 2097 nulla
801 2046 859 2112 lege
877 2041 998 2110 firmari,
1016 2045 1059 2099 sed
1078 2058 1105 2102 nt
1116 2057 1150 2102 ta-

334 2147 422 2192 ceam,
439 2128 510 2201 quod
528 2129 584 2199 ipsa
604 2127 730 2182 naturalis
748 2127 934 2196 interpretatio
951 2146 1008 2181 eam
1022 2141 1150 2199 suggeret,

332 2212 403 2282 leges
422 2220 473 2266 tam
491 2209 692 2282 longobardicae
708 2227 786 2278 qnam
804 2212 982 2266 alemannicae
1001 2223 1028 2266 et
1046 2214 1151 2268 utoni·

335 2310 381 2349 ase
398 2310 478 2363 supra
498 2294 621 2361 allegatae
639 2301 717 2358 sont,
729 2292 863 2364 inquibus
876 2296 1030 2367 repetendis
1044 2317 1098 2352 nun
1112 2309 1154 2354 est

335 2383 366 2428 ut
386 2391 437 2428 nos
455 2375 636 2429 detineamus.

372 2465 395 2522 ς.
413 2461 459 2512 tt.
478 2457 572 2522 instat,
590 2457 783 2528 porrectionem
797 2461 887 2515 hastae
898 2470 927 2515 et
939 2460 1080 2530 similium,
1091 2467 1157 2537 ome

339 2546 369 2600 ln
396 2543 451 2596 ritu
476 2541 646 2595 investiturae
663 2542 837 2607 adhibentur,
867 2560 920 2596 nun
940 2563 1018 2612 posse
1035 2549 1066 2599 ad
1081 2547 1158 2603 lictus

337 2627 458 2682 tradendi
479 2627 570 2681 modos
589 2625 700 2688 selesei,
719 2625 765 2678 sed
785 2628 870 2679 solnm
890 2628 1065 2683 solemnitatis
1081 2647 1157 2683 eausa

335 2711 507 2766 interuenire.
526 2710 556 2761 in
574 2725 651 2778 quem
669 2723 733 2760 seru
759 2704 840 2760 linem
868 2709 1043 2762 solemnitas?
1065 2712 1156 2766 Ratio·

338 2812 400 2848 uem
419 2793 443 2846 si
460 2792 607 2853 desiderum
626 2790 650 2842 si
669 2790 826 2844 incestitura
845 2790 969 2853 abusiva,
994 2791 1097 2860 inquit,
1122 2791 1156 2850 fi-

335 2883 411 2929 ctum
431 2872 552 2928 tradendi
571 2871 677 2926 modum
696 2872 855 2938 contineret,
875 2888 928 2924 nou
949 2873 1034 2926 solnm
1047 2875 1087 2940 ius
1101 2873 1156 2927 ien-

336 2957 383 3022 di,
400 2955 446 3009 sed
464 2955 546 3010 etiam
563 2955 694 3024 possessio
713 2969 762 3023 per
778 2971 835 3007 cam
855 2955 883 3006 in
902 2953 1014 3007 alterum
1031 2953 1157 3009 transies·

336 3050 418 3093 retur.
436 3041 535 3094 Verum
556 3037 604 3092 hoc
621 3046 663 3090 est
675 3036 808 3106 quodiam
824 3037 1087 3108 praenocupparimns
1102 3057 1157 3095 res·

337 3122 382 3175 bis
400 3137 476 3192 saepe
493 3120 593 3174 laudati
613 3120 718 3176 Bornii.
737 3121 853 3175 Probare
870 3133 983 3176 conatur
1001 3140 1034 3177 ex
1052 3123 1070 3176 l.
1090 3129 1115 3178 1.
1133 3134 1156 3189 ς.

340 3205 384 3260 21.
393 3202 437 3273 ff.
452 3205 485 3260 de
505 3219 710 3274 occupassem.
729 3204 763 3256 ht
779 3221 841 3259 ectu
860 3206 1028 3278 quaestiones
1041 3203 1159 3263 feudales

341 3290 446 3356 eninre
463 3303 589 3352 romano,
616 3285 742 3357 inprimis
766 3295 895 3357 quatenns
917 3305 989 3342 mere
1014 3291 1155 3358 positivum

338 3381 396 3435 est,
413 3378 441 3424 et
465 3379 570 3441 praeter
593 3371 635 3438 jus
660 3377 768 3422 naturae
791 3369 855 3439 qnid
884 3369 1061 3436 determinat,
1087 3373 1156 3428 hand

342 3462 414 3508 recte
429 3455 539 3524 capiunt
556 3451 729 3506 decisionem.
747 3450 860 3516 Deinde,
879 3470 932 3505 non
950 3454 1038 3508 obstat
1056 3456 1097 3508 ies
1117 3461 1156 3512 al·

336 3535 430 3605 legata,
448 3553 499 3605 quo
517 3534 606 3587 minus
624 3550 673 3604 pes
693 3532 866 3588 traditionem
883 3533 974 3590 fictam
992 3537 1090 3610 absque
1102 3561 1159 3613 poa.

340 3618 457 3673 sessione
470 3617 598 3688 corporali
611 3625 637 3670 et
648 3615 793 3670 cessionem
811 3618 840 3670 in
859 3618 915 3681 iure
932 3619 973 3686 ins
984 3624 1054 3676 reale
1067 3626 1156 3696 aequi.

1199 1372 1372 1440 qualitatem?
1390 1370 1462 1438 Esto,
1481 1369 1552 1426 istud
1570 1367 1736 1422 discriminis
1755 1381 1821 1429 esse,
1838 1366 1907 1436 quod
1926 1365 1954 1418 iu
1971 1377 2020 1420 tra·

1201 1455 1306 1508 ditione
1324 1455 1466 1525 symbolica
1484 1455 1555 1508 cirili
1569 1469 1610 1506 res
1629 1459 1812 1522 praesenserit
1830 1449 1858 1502 in
1877 1459 2019 1519 conspectu

1199 1553 1255 1590 csse
1275 1539 1387 1600 debeat,
1405 1542 1478 1608 cnjus
1498 1549 1590 1592 tamen
1608 1533 1766 1590 eontrarium
1786 1551 1799 1585 a
1817 1531 1886 1588 ictis
1897 1534 2021 1601 eximiis,

1200 1631 1227 1674 et
1247 1621 1346 1674 rectius
1364 1621 1448 1688 iuste,
1467 1622 1606 1676 statuitur:
1623 1618 1687 1690 qnid
1706 1626 1854 1679 serovetat,
1867 1633 1919 1685 qno
1932 1618 2022 1672 minus

1199 1703 1332 1758 diversum
1351 1705 1416 1776 qnid
1434 1705 1467 1758 ab
1486 1706 1535 1758 hnc
1548 1706 1622 1772 jure,
1632 1711 1703 1756 certe
1716 1699 1784 1754 hand
1799 1699 1952 1766 uniuersali,
1965 1717 2022 1754 mu·
2065 1745 2067 1752 .

1201 1787 1275 1840 ribns
1292 1788 1401 1842 aliarum
1421 1789 1539 1858 gentium
1559 1785 1675 1857 potuerit
1694 1780 1850 1836 introduci?

1239 1879 1260 1934 ς.
1282 1871 1325 1923 ttt.
1344 1871 1467 1942 Denique
1485 1871 1633 1925 necessaria
1651 1868 1758 1938 quidem
1771 1883 1828 1918 esse
1839 1867 2022 1922 investituram

1201 1952 1345 2017 abusivam,
1363 1955 1472 2024 excipit,
1490 1953 1535 2008 sed
1555 1954 1586 2008 ad
1605 1949 1833 2007 confirmationem
1851 1960 1948 2004 tantum
1960 1969 2022 2006 cun·

1202 2043 1302 2088 tractus
1321 2053 1398 2105 super
1416 2035 1494 2088 leudo
1512 2037 1584 2091 initi.
1604 2036 1706 2088 Mirum
1725 2049 1795 2097 sero,
1809 2034 1942 2086 Strnsium
1955 2035 2020 2088 aileu

1201 2133 1229 2171 se
1247 2126 1369 2190 torquere
1388 2117 1416 2171 in
1434 2119 1588 2173 sustinenda
1606 2118 1672 2172 thesi
1692 2134 1744 2168 non
1763 2135 1817 2181 sna,
1835 2117 1881 2170 sed
1898 2119 2020 2182 aliorum,

1201 2220 1267 2274 qnos
1285 2201 1413 2273 sequitur,
1429 2221 1488 2256 cnm
1508 2205 1663 2256 simultanee
1680 2201 1818 2264 inrestitis,
1829 2201 1875 2271 qui
1889 2219 2019 2272 nunquam

1202 2285 1294 2338 induci
1312 2286 1340 2338 iu
1360 2284 1470 2338 inodum
1489 2287 1582 2352 solent,
1602 2289 1643 2354 ius
1662 2286 1691 2338 in
1705 2284 1887 2338 reconcedere
1900 2303 1952 2338 non
1972 2287 2021 2338 «lu-

1203 2368 1281 2423 bites.
1299 2367 1487 2440 syntq'seud.
1508 2389 1531 2424 c·
1555 2373 1582 2424 il.
1601 2369 1696 2440 nplsor.
1718 2368 1761 2420 tt.
1782 2369 1856 2436 Quae
1880 2369 2022 2423 necessitas

1204 2464 1277 2507 antus
1295 2454 1435 2520 solemnis,
1452 2454 1498 2524 qui
1517 2453 1620 2508 frustra
1637 2454 1689 2514 sit,
1709 2461 1737 2505 et
1754 2467 1787 2504 ex
1803 2469 1855 2521 quo
1874 2454 1962 2506 nullus
1980 2454 2020 2506 el·

1204 2537 1289 2592 lectus
1307 2538 1426 2608 sequitur
1443 2549 1550 2608 praeter
1568 2557 1644 2604 essm,
1663 2537 1709 2608 qui
1727 2545 1789 2590 ante
1807 2547 1892 2589 actum
1911 2537 2019 2592 aderat?

1205 2621 1299 2675 Notari
1319 2623 1362 2674 hie
1382 2634 1499 2676 meretur
1516 2624 1627 2677 aliorum
1645 2623 1775 2688 doctrina,
1795 2623 1841 2692 qui
1859 2635 2023 2680 contractum

1207 2706 1425 2776 praeparatoriis,
1443 2707 1620 2761 incestituram
1639 2723 1697 2760 cam
1717 2707 1775 2774 ipsu
1792 2725 1816 2759 r.
1834 2723 1858 2774 g.
1879 2709 2023 2775 emptionis

1206 2797 1361 2853 contractu,
1388 2788 1569 2843 inductionem
1600 2805 1657 2840 cum
1689 2788 1831 2842 traditione
1854 2801 2022 2859 comparant,

1205 2869 1297 2932 obliti,
1316 2871 1379 2924 dum
1398 2871 1513 2924 nimium
1531 2872 1584 2940 iuri
1602 2871 1675 2928 cirili
1694 2872 1793 2924 intenti
1811 2881 1883 2936 sunt,
1902 2874 2021 2944 seipsos

1210 2953 1374 3024 personalem
1391 2953 1579 3024 obligationem
1598 2971 1631 3008 ex
1648 2970 1769 3008 concessa
1781 2955 1853 3008 leudi
1863 2960 2023 3024 expectatiaa

1206 3033 1343 3102 deducere,
1355 3051 1415 3088 cum
1433 3053 1466 3090 ex
1486 3037 1573 3108 pactis
1591 3037 1792 3110 praeparatoriis
1810 3053 1845 3091 ne
1868 3039 1947 3092 bodie
1965 3041 2023 3111 qni·

1206 3117 1267 3171 dem
1285 3119 1357 3173 aetio
1373 3119 1455 3174 detur.

1242 3209 1263 3264 t.
1283 3203 1328 3254 tt.
1349 3203 1401 3256 liis
1418 3203 1545 3258 discussis
1563 3205 1604 3258 nil
1627 3205 1702 3260 dubii
1730 3213 1832 3268 restat,
1857 3222 1910 3274 quo
1935 3207 2025 3264 minus

1206 3285 1342 3342 abusivam
1361 3287 1544 3341 investituram
1563 3307 1611 3358 pro
1627 3289 1769 3344 traditione
1781 3289 1922 3358 symbolica
1935 3292 2025 3346 habea-

1208 3386 1274 3424 tntis.
1292 3369 1340 3424 Est
1358 3370 1438 3440 igitur
1457 3371 1566 3424 traditio
1583 3371 1653 3426 leudi
1673 3372 1778 3440 duplex,
1797 3372 1846 3424 alia
1859 3374 1947 3436 realis,
1959 3393 2025 3446 qnae

1207 3452 1362 3506 investitura
1380 3454 1488 3524 propria
1505 3453 1621 3517 dicitnr,
1650 3453 1770 3508 inductio
1793 3455 1822 3508 in
1849 3454 1956 3510 feudum
1981 3460 2025 3514 die

1210 3536 1333 3596 Gewaer,
1353 3535 1487 3591 immissio
1506 3539 1534 3590 in
1554 3536 1665 3591 fundum
1682 3548 1711 3591 et
1728 3554 1784 3590 rem
1810 3536 1958 3606 iendelem,
1983 3545 2025 3596 eei

1208 3621 1363 3690 symbolice,
1381 3638 1449 3689 quae
1464 3621 1583 3687 abusiva,
1602 3621 1646 3676 die
1664 3622 1830 3692 Belelsnnng.
1850 3625 1890 3676 hu
1909 3641 2026 3682 nummu·

339 3710 428 3768 satur,
440 3711 467 3756 et
484 3699 645 3756 testamento
656 3698 810 3755 transfertur
824 3701 970 3756 baereditas
984 3715 1158 3776 autepossea.
1206 3702 1240 3756 de
1256 3704 1364 3759 abusiva
1389 3702 1500 3767 dicatur,
1520 3703 1648 3774 disquirit
1666 3704 1721 3757 Du.
1737 3704 1771 3756 ab
1788 3705 1878 3775 Eyben
1896 3706 1926 3759 in
1951 3711 2025 3764 elect.

340 3784 425 3838 sionis
442 3782 688 3853 apprehensionem.
707 3785 763 3838 lmu
782 3785 838 3854 ipsa
857 3786 920 3836 hneo
938 3788 1014 3855 signa
1036 3791 1155 3844 ostende·
1200 3784 1351 3858 jur-seui.
1363 3803 1384 3838 c.
1397 3785 1423 3838 d.
1436 3782 1458 3854 5.
1471 3786 1498 3838 8.
1510 3804 1565 3854 sep.
1585 3783 1786 3843 Deliuitnsrero
1801 3789 1870 3841 adn.
1884 3791 2023 3858 schiltero,

338 3885 385 3932 se,
405 3867 491 3936 pergit
510 3866 648 3929 Stratius,
669 3867 704 3919 iis
722 3884 775 3920 nun
794 3863 940 3935 significari
958 3885 1047 3922 seram
1074 3874 1155 3925 tradi·
1207 3868 1235 3922 in
1250 3868 1442 3923 commentati
1456 3869 1501 3936 y'us
1512 3867 1596 3938 find.
1615 3869 1699 3922 alans.
1723 3869 1825 3921 dissert.
1850 3870 1882 3924 de
1912 3871 2024 3928 incessit.

339 3948 456 4013 tionem,
476 3966 537 4002 cum
557 3948 662 4002 illorum
680 3950 758 4018 lunge
774 3951 825 4001 alia
840 3951 877 4002 sit
894 3951 962 4004 ratio
972 3963 1049 4023 atque
1068 3955 1157 4008 condi·
1205 3952 1295 4021 prino.
1308 3951 1373 4019 imp.
1384 3951 1488 4003 simult.
1499 3966 1559 4014 cup..
1579 3952 1606 4000 1.
1624 3957 1646 4011 ς.
1658 3950 1685 4001 2.
1703 3951 1771 4018 quod
1794 3952 1830 4004 sit
1847 3951 1959 4006 collatio
1984 3957 2031 4010 cel

339 4031 393 4094 tio,
410 4047 488 4099 qnam
507 4030 635 4092 istorum,
654 4030 766 4096 quaein
785 4031 885 4099 legibus
902 4047 936 4082 ex
954 4033 1011 4099 jure
1028 4035 1102 4088 cirili
1119 4037 1158 4089 al·
1207 4035 1291 4086 cessio
1303 4032 1418 4087 dominii
1431 4031 1505 4088 utitis
1517 4034 1546 4082 in
1546 4031 1637 4100 feudo
1650 4032 1781 4085 solemnis
1795 4044 1821 4086 et
1833 4035 1981 4102 symbolice
2000 4057 2020 4090 o

335 4115 401 4166 latis
418 4115 560 4177 habentusq
578 4110 622 4165 his
646 4111 730 4180 siguis
752 4111 784 4166 ad
810 4130 866 4166 rem
893 4117 1071 4184 spectantibus
1101 4135 1158 4171 rem
1207 4116 1319 4168 domino
1339 4111 1529 4183 directosactu
1544 4111 1830 4181 oossullofidclitatem
1841 4119 2026 4184 promittenti.

340 4197 427 4265 ipsam
446 4197 572 4264 signatam
591 4205 752 4263 praesentem
771 4197 877 4252 concedi
898 4209 927 4251 et
943 4199 1084 4267 occupariq
1103 4201 1160 4254 illis
1209 4201 1287 4254 Circa
1304 4218 1381 4270 quam
1400 4196 1585 4252 definitionem
1601 4213 1668 4266 quac
1685 4199 1798 4254 notanda
1816 4199 1886 4270 sint,
1905 4211 2025 4273 superest

342 4299 402 4336 reru
422 4279 563 4352 symbolis,
581 4286 673 4348 utpote
690 4277 722 4328 ad
742 4294 796 4332 sem
815 4298 866 4336 nou
880 4281 1085 4352 pertinentibus,
1098 4282 1160 4337 ima·
1210 4295 1237 4340 ut
1252 4285 1340 4356 capite
1358 4283 1453 4338 ultimo
1472 4281 1650 4354 dispiciamus.

339 4363 440 4434 ginarie
460 4379 515 4418 sem
533 4362 666 4432 absentem
681 4363 858 4420 solemnitatis
871 4381 946 4420 eausa
960 4367 1163 4438 repraesentari,

1007 4524 1254 4600 CAPUT
1299 4533 1360 4604 tv.

753 4691 806 4758 Dc
819 4691 1039 4761 investiturae
1051 4693 1211 4762 abusivae
1226 4694 1400 4786 requisitis
1422 4707 1456 4762 et
1478 4697 1607 4786 effectu.

579 4869 600 4918 d
619 4869 647 4924 ll
662 4867 698 4922 d!
713 4864 748 4917 d!
760 4867 789 4918 A
807 4868 832 4920 ll
850 4869 922 4921 1A.
1204 4866 1392 4922 Simultaneas
1404 4867 1581 4921 investiturae
1593 4866 1681 4938 origo.
1697 4873 1719 4930 ς.
1731 4867 1756 4921 8.

1206 4949 1470 5022 Diffmentioep'uris
1487 4949 1615 5005 canonici
1629 4951 1702 5004 circa
1721 4951 1907 5006 incestituram
1926 4954 2021 5010 simul·

1242 5045 1363 5088 tenesm-
1381 5036 1409 5099 §.
1426 5034 1453 5085 il.

1205 5119 1248 5172 De
1266 5115 1444 5172 renotatione
1455 5117 1634 5172 investiturae.
1648 5122 1670 5180 §-
1682 5117 1726 5168 10.

1205 5201 1379 5272 Prioilegium
1390 5201 1534 5272 superioris
1546 5200 1680 5256 Lrssotias.
1694 5207 1717 5263 ς.
1731 5203 1779 5252 11.

1204 5285 1263 5336 Pro
1275 5283 1385 5336 cassado
1398 5283 1582 5342 uniuersitatis
1599 5293 1706 5340 mortuo
1720 5302 1758 5338 an
1772 5287 1916 5339 renovatio
1926 5297 2022 5356 peten-

1242 5366 1303 5420 do?
1320 5373 1343 5429 §-
1357 5367 1401 5419 12.

1205 5449 1388 5518 &pontatica
1403 5465 1452 5516 per
1469 5447 1655 5506 incestituram
1674 5447 1780 5504 munito
1803 5470 1840 5508 an
1860 5455 1962 5510 tribuat
1974 5457 2028 5528 jas

1228 5529 1316 5603 findi
1324 5533 1338 5584 .³
1348 5531 1372 5606 §.
1387 5537 1432 5588 1³.

1206 5620 1248 5675 Dr
1259 5617 1354 5690 pus'dus
1366 5619 1505 5694 sciusfiat
1518 5621 1679 5676 investitura
1691 5617 1703 5674 i
1715 5627 1735 5684 t.
1752 5621 1791 5674 ll.

340 5045 384 5098 Da
393 5039 527 5112 personis,
540 5033 814 5108 gnuainoestitusans
819 5034 943 5104 seiciunt.
955 5033 977 5107 5.
992 5037 1019 5089 1.

341 5127 386 5179 De
395 5132 527 5188 potestate
540 5121 708 5188 imperatoris
722 5121 796 5173 circa
808 5120 995 5176 investituras.
1012 5118 1036 5191 5.
1050 5119 1079 5173 2.

340 5211 385 5262 De
396 5206 557 5262 investitum
568 5203 682 5277 guaefit
691 5219 741 5274 per
751 5202 883 5258 sicarium
901 5215 928 5259 et
942 5215 1153 5274 procuratorem.

374 5291 397 5356 ς.
412 5291 438 5341 s.

343 5373 386 5426 De
396 5369 520 5442 personis
532 5387 602 5440 gnae
610 5379 723 5439 possunt
733 5367 862 5424 investiri.
874 5378 896 5434 ς.
907 5371 936 5424 l.

341 5455 504 5508 Substituttss
522 5463 655 5523 quotenus
667 5451 852 5509 admittatur?
863 5456 885 5520 §.
903 5457 932 5508 5.

346 5534 462 5606 Quando
473 5545 636 5604 procurator
651 5536 686 5588 sit
704 5539 878 5593 necessarius.
891 5541 949 5600 §.n

341 5623 386 5680 ilc
396 5619 564 5692 investitura,
582 5639 649 5694 qnae
655 5619 692 5692 fit
699 5622 828 5692 pluribus.
840 5630 862 5688 t.
877 5626 910 5676 7.
