4346 6194
443 205 515 258 1001
965 201 1264 268 ntssttn'ttttottts
1288 211 1406 266 Cdl'll'l'
1427 212 1461 267 Y·
1925 215 2009 268 1001

384 301 566 354 executionem
584 303 627 358 {w
643 291 727 347 federe
744 293 875 354 detrectet,
889 297 929 348 vei
941 297 975 350 ob
988 297 1117 352 deiectum
1132 302 1170 354 ei·
1232 321 1291 358 m
1310 305 1453 358 emacim
1473 301 1613 356 hodiem!
1632 299 1699 372 inq),
1717 303 1925 360 memmium
1947 310 2064 364 imm*

387 382 458 436 riuee
478 384 566 442 iecere
583 387 682 442 news
701 379 817 430 ⁰⁰⁰¹¹⁰¹⁰
837 394 913 430 “⁰¹³
932 381 1002 434 ‘043²
1016 382 1048 432 ed
1068 383 1178 452 impete·
1228 389 1310 454 sudi3
1328 390 1392 442 leeec
1408 405 1468 440 eure
1488 386 1589 456 legibus
1607 387 1724 457 publicis
1744 398 1842 443 οιιιιι
1857 393 1997 460 rersperit
2010 391 2063 446 ior-

386 473 482 532 torem,
501 471 547 522 sed
566 459 748 525 ..tireulorum
768 460 914 514 ‘limum
932 466 972 518 vel
990 464 1085 531 duces,
1103 477 1131 519 ut
1150 467 1177 518 iti
1230 490 1321 535 mere,
1338 471 1372 522 eb
1391 470 1442 523 beo
1461 470 1489 522 in
1508 485 1568 522 cesu
1586 483 1741 522 uccxmeene
1759 488 1811 524 neu
1836 473 2063 530 diseniesedun.

389 551 520 606 ordinarii
540 555 679 626 mptretus
698 546 766 596 eires
791 547 953 614 susscipieut,
971 556 997 598 et
1015 549 1177 602 sententie·
1229 553 1323 604 Fortes
1342 571 1403 606 sero
1424 554 1489 606 buce
1509 564 1566 606 ests
1586 553 1615 604 in
1634 555 1809 607 sententiise
1829 557 1949 608 nante
1968 559 2061 628 inps·

383 654 556 707 amamur,
576 647 598 701 yr
616 629 644 682 d
662 631 721 683 ord.
739 649 810 684 carre.
828 629 867 682 tir.
887 630 932 684 18.
951 639 972 694 §-
991 634 1017 684 7·
1035 644 1062 686 ei
1079 635 1106 686 8.
1127 634 1178 686 Eu·

382 721 443 774 dem
463 727 542 778 modo
560 715 698 783 ,pedlrnde
719 718 862 780 executio,
883 717 905 767 si
932 731 1021 770 contre
1042 721 1114 788 pecie
1132 739 1177 788 pu·

384 805 472 862 brim
489 810 606 864 ,jotyres
625 802 688 852 baec
706 803 882 853 instituende.
898 802 959 854 ord.
976 820 1045 857 cnm.
1061 817 1132 870 pert.
1152 808 1177 856 3.

382 891 424 942 ιιι.
443 891 487 944 ιο,
508 907 527 959 ς,
545 923 551 936 .
568 903 639 952 seqq.
658 885 731 954 Quor
756 883 789 938 de
814 886 887 936 nodo
912 897 1049 939 executore
1074 887 1177 954 subiicit

381 987 489 1042 unctor,
507 970 555 1050 φιι
575 971 660 1022 eidem
680 969 786 1024 incultus
804 971 938 1038 juttmndi
957 989 1010 1024 nun
1030 986 1178 1042 competet,

381 1057 430 1111 hoo
448 1064 499 1128 juri
517 1054 631 1112 ommuni
649 1055 759 1108 omnino
777 1057 919 1123 congruit.
939 1057 995 1107 leno
1020 1055 1098 1110 ieeile
1123 1059 1177 1127 ipsi

381 1144 488 1213 largior,
509 1149 654 1192 secutorem
675 1141 712 1189 rei
731 1141 764 1190 ub
786 1141 837 1190 elio
858 1140 1177 1203 judiceteecxecutionem

312 1239 316 1246 ’
380 1227 418 1282 im
429 1231 504 1302 podir
520 1243 572 1278 non
592 1243 686 1294 posse;
703 1226 849 1278 escendo
868 1225 1062 1280 dissertationis
1079 1231 1177 1280 surturi

386 1319 520 1385 exeflptm
538 1325 692 1371 occurrere,
711 1307 755 1359 ubi
774 1322 895 1360 executor
915 1313 1049 1375 indicendi
1069 1323 1169 1380 potest·

381 1406 433 1452 tom
456 1399 490 1452 ,tl
511 1395 661 1464 sumpserit,
678 1403 707 1445 et
725 1394 773 1445 sub
788 1397 835 1445 leuc
848 1405 985 1462 prsetextn
998 1401 1177 1450 executionem

376 1475 544 1550 impedterit,
564 1487 592 1528 ut
611 1473 672 1527 inde
691 1477 867 1529 executoribus
878 1478 1016 1546 quemdem
1035 1478 1176 1534 affectuum

377 1561 538 1636 eorrnpelsm
559 1560 689 1628 impetere
708 1575 842 1612 necessum
874 1579 927 1612 oon
954 1563 1095 1617 babuerit.
1121 1567 1179 1619 lloc

373 1666 436 1702 sero
448 1645 636 1698 contrusersiee
653 1653 815 1697 momentum
834 1655 889 1696 est:
908 1646 930 1697 si
956 1647 1034 1714 judex
1059 1653 1179 1718 superior

381 1731 526 1784 sententium
549 1745 621 1780 surm
643 1728 781 1798 irregulari
808 1728 885 1780 ruodo
909 1732 1005 1799 exequi
1028 1734 1139 1802 cupiet,
1156 1749 1178 1788 et

372 1824 510 1870 exeutores
529 1814 602 1877 illos,
615 1813 711 1882 quibus
723 1813 785 1864 boec
798 1811 907 1865 iutuitu
920 1815 1024 1882 publico
1037 1818 1093 1881 jure
1104 1835 1179 1884 quse·

373 1896 428 1954 site,
450 1903 602 1961 praeterret,
620 1911 653 1944 en
672 1909 724 1943 non
744 1902 804 1943 tuno
823 1894 959 1960 irregulari
979 1897 1126 1950 executioni
1145 1900 1179 1951 eb

374 1980 408 2031 tm
428 1977 525 2040 resisti,
545 1989 568 2030 et
587 1976 721 2029 urdiurrie
740 1977 887 2045 exequendi
906 1979 948 2032 sie
966 1978 1072 2034 delendi
1087 1984 1179 2052 possit,

372 2063 414 2114 lue
430 2061 500 2111 euim
520 2059 630 2112 omniuo
649 2059 718 2128 ipsis
738 2063 895 2128 permissum
909 2080 983 2128 esse,
994 2075 1130 2116 ostensum
1143 2080 1180 2122 est

364 2145 438 2220 poelt.
457 2145 483 2196 t.
503 2145 575 2213 Ques
594 2145 622 2195 iu
641 2141 696 2197 bne
715 2145 792 2212 hujus
808 2146 902 2216 cepitis
927 2147 955 2200 in
982 2151 1068 2220 specie
1086 2150 1119 2204 de
1137 2152 1177 2204 di·

370 2229 511 2284 re‘etoribus
530 2241 555 2282 et
575 2229 685 2281 ducibus
704 2230 863 2282 circulorum
877 2231 993 2299 subjicit,
1006 2234 1067 2286 illos
1079 2236 1108 2288 iu
1119 2237 1179 2288 sub·

362 2315 465 2374 sidium
484 2315 516 2368 ed
533 2316 715 2370 executionem
739 2331 912 2380 concurrere,
929 2317 978 2370 bor.
1002 2321 1113 2373 omnino
1137 2321 1182 2374 tut-

372 2415 425 2454 tum
444 2413 500 2464 est,
520 2403 542 2454 si
564 2401 598 2453 ite
621 2399 751 2469 intelliget
771 2413 859 2454 euclnr
893 2403 966 2472 qussi
986 2405 1044 2474 ipsu
1071 2405 1181 2476 impere-

350 2495 421 2536 'tore
438 2485 617 2537 executionem
637 2482 722 2536 iecere
739 2485 866 2548 nolente,
886 2485 1043 2540 subsidierie
1068 2490 1179 2547 directo·

364 2587 421 2622 rum
441 2573 531 2622 circuli
550 2587 628 2640 opere
647 2571 752 2622 demum
770 2571 890 2623 eeoedet:
905 2571 981 2623 serbe
997 2575 1068 2626 euim
1086 2590 1180 2631 recres.

364 2657 425 2720 imp.
444 2653 478 2706 de
494 2672 568 2707 anno
589 2653 666 2705 teet.
697 2661 718 2717 ς.
739 2655 799 2704 160.
825 2655 931 2708 tundunt
955 2659 1101 2726 exequendi
1128 2679 1180 2715 non

364 2739 475 2794 erbitrio
494 2741 559 2808 imp·
579 2740 754 2807 relinquunt,
772 2737 818 2790 sed
835 2740 1025 2810 preeceptirem
1039 2746 1180 2810 quemdem

364 2823 563 2890 dispositionem
583 2823 734 2885 continent,
753 2825 794 2876 Es
810 2824 866 2876 soii
882 2825 1000 2878 nlsdonn
1018 2827 1062 2880 die
1084 2845 1180 2884 exscu-

370 2907 428 2957 tion
451 2904 533 2959 durch
550 2907 625 2958 crine
645 2905 793 2976 Odriglset't,
811 2909 879 2960 oder
893 2912 941 2964 des
960 2912 1079 2980 Kruyres
1096 2918 1181 2968 Ause-

370 2989 529 3044 clsrrs'bende
548 2991 666 3044 Fdrsten
683 2992 849 3060 percluden,
870 2994 922 3048 rid.
947 3013 1028 3060 supro
1050 3001 1128 3064 posit.
1154 3001 1180 3053 3.

366 3071 479 3126 Eetenus
497 3057 558 3128 reris
575 3075 712 3140 edmitto,
731 3076 919 3130 subsidiarium
944 3096 1003 3132 esse
1023 3083 1180 3138 circulorum

366 3159 562 3225 executionem,
581 3162 605 3212 si
623 3174 684 3229 pers
703 3159 770 3228 ciete
789 3163 930 3214 terminum
951 3163 1132 3232 peritoriuue,
1151 3169 1179 3219 in

369 3241 502 3295 sententie
522 3243 570 3296 sub
589 3243 795 3308 romminetione
813 3263 910 3314 poeoee
934 3263 1086 3317 expressum
1127 3267 1181 3304 non

365 3323 551 3389 observarent,
569 3325 638 3394 quod
657 3339 718 3378 tune
736 3327 841 3381 demum
861 3345 902 3382 res
921 3332 953 3384 ed
967 3334 1059 3386 circuli
1073 3335 1182 3390 dimoto-

363 3427 407 3463 rrs
425 3411 575 3464 desolentur
592 3413 664 3479 juxte
684 3412 710 3463 d.
728 3429 822 3465 recres.
842 3419 864 3475 t.
885 3415 944 3466 160.
964 3419 993 3471 Si
1019 3419 1093 3472 enirn
1120 3437 1180 3489 pers

363 3495 431 3545 riote
451 3505 547 3562 sponte
565 3506 668 3564 pereet,
688 3515 739 3549 non
758 3515 823 3566 opus
842 3499 895 3553 erit
920 3505 1073 3558 executione
1097 3507 1180 3557 eiron-

366 3578 426 3628 luri.
444 3575 467 3628 E
485 3579 630 3642 contrario,
648 3579 670 3630 si
690 3580 746 3630 eulx
765 3597 880 3632 eeesereu
909 3585 1049 3638 terminum
1074 3588 1181 3656 peritio-

364 3664 407 3712 nis
426 3663 571 3714 sententies
592 3680 643 3714 non
663 3660 770 3726 inieret,
789 3665 844 3717 imo
859 3682 891 3718 ue
900 3667 1007 3736 quidese
1023 3673 1178 3723 senteutiem

367 3747 434 3812 perti
459 3749 541 3798 sictse
565 3747 695 3814 publicet,
724 3747 770 3798 sed
797 3761 935 3820 entequern
962 3750 1107 3818 publicute,
1132 3771 1180 3822 per

366 3827 552 3881 rlendestinem
572 3829 769 3894 executionem,
787 3849 838 3884 non
866 3835 998 3904 requisitis
1022 3837 1179 3892 circulorum

367 3911 551 3978 directoribus,
572 3914 642 3964 illem
661 3914 754 3984 exequi
774 3914 883 3980 nitetur,
902 3919 962 3986 quis
976 3937 1028 3973 non
1043 3921 1180 3976 interverti

366 3997 436 4048 ridet
455 3997 575 4051 ordinem
596 3999 625 4051 in
645 4015 740 4052 recres.
759 3999 816 4070 imp
843 4004 981 4074 perspicue
991 4009 1180 4079 praescriptum

365 4084 467 4150 etquis
486 4085 535 4136 bec
554 4083 603 4136 reti
640 4102 655 4136 e
674 4085 742 4136 mele
758 4097 867 4140 verteret
886 4089 1053 4144 l’reesidibus
1071 4097 1168 4148 circulo

367 4183 435 4226 rum,
454 4167 476 4217 si
497 4167 652 4220 inusitetum
673 4169 741 4220 huno
758 4170 905 4239 exequendi
925 4189 1034 4240 morem,
1054 4193 1087 4229 ue
1105 4177 1180 4232 eimi-

364 4248 390 4300 le
407 4245 546 4319 quicquum
564 4252 698 4318 continget
716 4251 745 4302 in
764 4263 913 4323 posterum,
929 4274 945 4308 e
965 4273 993 4310 ee
1011 4259 1085 4315 nexui
1105 4261 1182 4314 modo

368 4333 489 4404 possibili
510 4335 539 4387 in
559 4346 678 4406 tempore
696 4336 862 4390 extollentur.

647 4467 835 4522 cetur
870 4473 904 4524 V.

439 4591 542 4648 saone
553 4609 700 4646 caesorene
712 4592 845 4666 rnnjestoti
856 4613 943 4668 oeque
959 4601 1113 4668 exequendi

550 4696 582 4732 nc
591 4677 733 4747 judicandi
742 4691 833 4746 portet
845 4695 1005 4753 competere.

370 4781 544 4908 Supremero
564 4831 694 4898 tuttundt
714 4845 868 4905 potestetem
888 4837 954 4908 imp.
971 4849 1127 4910 competere,
1140 4859 1183 4897 ne·

371 4925 470 4976 minem
491 4925 518 4974 in
536 4921 645 4973 dubium
663 4937 753 4976 secere
770 4918 882 4976 confido.
901 4923 948 4975 Est
966 4928 1037 4978 euim
1061 4927 1108 4980 ille
1124 4926 1183 4981 iens

375 5009 463 5062 omnis
480 5005 689 5076 jurisdictionis,
707 5008 780 5072 cujus
799 5007 877 5059 risuli
896 5005 924 5058 in
952 5017 986 5059 tot
1006 5008 1112 5077 imperii
1129 5027 1182 5064 e·e·

369 5107 410 5150 tus
428 5095 551 5158 deriseti,
571 5113 583 5144 e
602 5094 697 5163 quibus
715 5094 747 5144 ed
766 5093 842 5144 illum
862 5090 957 5146 iontem
972 5096 1118 5146 recurritur
1136 5097 1180 5148 ite*

1227 640 1263 691 rii
1282 638 1460 691 tribunelibes
1480 638 1542 690 letis
1568 639 1627 692 loco
1651 639 1866 692 execertorielinee
1893 643 2062 698 inserend-

1228 729 1266 772 est
1288 724 1417 774 termines
1445 723 1607 792 peritorius,
1626 721 1675 774 sub
1694 733 1765 777 certe
1783 741 1887 793 poene,
1905 728 1931 776 si
1953 727 2061 780 ieter,

1229 806 1388 874 peritiorem
1410 823 1462 858 nou
1482 807 1601 859 docuerit
1620 808 1713 872 rictus,
1731 817 1757 860 et
1775 809 1824 860 sub
1841 811 2063 864 ιοιιιὶιιιὶιιιι

1231 889 1309 938 reelis
1325 889 1505 941 executionis.
1518 889 1622 958 Quodsi
1641 891 1739 944 interce
1758 893 1886 960 temporis
1902 897 2063 949 moreat-e

1229 991 1282 1026 non
1301 977 1440 1042 perexerit,
1462 977 1583 1026 executio
1601 974 1780 1027 descendendo
1797 976 1839 1027 rel
1864 978 2063 1044 aegistretui,

1229 1057 1277 1108 sub
1294 1075 1346 1127 qoo
1364 1057 1437 1124 degit
1456 1061 1551 1120 rictus,
1574 1057 1595 1108 si
1616 1057 1660 1110 bic
1679 1056 1809 1109 nedictus
1826 1058 1896 1110 ciris
1914 1060 1978 1122 sit,
2001 1063 2062 1128 rel,

1228 1142 1252 1191 si
1271 1140 1423 1194 immedietc
1442 1140 1557 1211 irnperio
1575 1142 1671 1202 subsit,
1690 1139 1868 1194 directoribus
1883 1143 1984 1196 ere-tt
2000 1181 2011 1207 ,
2030 1147 2062 1198 iu

1228 1247 1281 1296 quo
1296 1229 1366 1280 bone
1383 1227 1550 1280 condemneti
1570 1229 1642 1292 sites
1663 1229 1704 1282 sel
1721 1227 1844 1292 tendere,
1861 1229 1888 1280 si
1913 1233 2063 1299 potentior

1229 1313 1264 1364 sit
1284 1313 1349 1379 ille,
1366 1311 1413 1381 qui
1431 1310 1616 1380 exequendux,
1634 1311 1783 1365 vicinorum
1796 1312 1967 1366 etrcutoro-
1986 1315 2064 1370 dire

1228 1406 1314 1451 etores
1333 1397 1361 1450 in
1379 1397 1532 1448 subsidium
1552 1395 1676 1460 sucendi,
1696 1414 1741 1466 per
1762 1413 1858 1450 recess.
1875 1399 1942 1465 imp.
1954 1399 1991 1451 de
2005 1417 2063 1452 ue·

1230 1499 1266 1533 no
1287 1480 1367 1532 teet.
1391 1487 1414 1542 ς.
1434 1479 1494 1530 tte.
1513 1489 1539 1530 et
1559 1479 1620 1528 160.
1647 1480 1725 1531 Juxte
1752 1477 1819 1530 benc
1844 1480 1931 1546 legeres
1956 1482 1980 1530 si
2008 1478 2063 1534 fiet

1228 1563 1360 1626 executio,
1381 1565 1438 1633 ipse
1457 1565 1602 1630 imperetur
1620 1561 1775 1614 sententie·
1793 1573 1920 1614 eseeutes
1934 1563 2061 1627 ridetur,

1228 1653 1289 1719 quie
1308 1653 1364 1715 ejus
1388 1648 1496 1701 nomine
1522 1647 1638 1698 nieudete
1664 1648 1850 1700 executorielie
1874 1649 1906 1696 ιιι
1934 1650 2063 1704 circulos

1228 1734 1398 1804 diriguntur.
1417 1733 1470 1786 set
1491 1733 1515 1783 si
1535 1731 1602 1800 imp.
1622 1731 1656 1782 eb
1682 1733 1730 1782 bec
1748 1733 1803 1800 lege
1821 1732 1928 1800 publice
1949 1736 2064 1788 recede·

1228 1833 1272 1878 re,
1290 1829 1315 1869 et
1334 1817 1438 1868 insolite
1456 1814 1603 1882 exequendi
1624 1814 1665 1868 rie
1678 1815 1715 1866 nti
1729 1817 1802 1879 relit,
1814 1815 1927 1866 omuino
1942 1816 2062 1882 bebeser,

2156 1503 2158 1564 l

2157 1579 2158 1660 l

2156 1701 2158 1736 t

2156 1749 2158 1822 i

1229 1899 1262 1950 dc
1277 1917 1331 1968 quo
1347 1910 1539 1969 conquerentur
1557 1899 1717 1950 circulorum
1737 1900 1880 1952 directores
1898 1912 1945 1952 eut
1964 1901 2062 1966 eluces,
2156 1905 2158 1928 ³

1230 1999 1264 2034 nc
1282 1985 1309 2034 ln
1329 1983 1517 2054 preejndiciusn
1533 1982 1625 2034 circuli
1643 2001 1657 2034 e
1675 1980 1760 2033 iorme
1778 1983 1946 2033 executionis
1966 1985 2060 2038 disoe-
2156 1975 2158 2016 3

1231 2070 1323 2129 detur,
1342 2079 1369 2120 et
1386 2067 1489 2134 juribus
1508 2067 1625 2136 ipsorum
1646 2065 1861 2134 preejndieetur.
1879 2065 1991 2121 Felsun
2014 2071 2062 2122 ire·
2156 2109 2157 2112 ,

1230 2167 1282 2220 que
1299 2161 1348 2218 est,
1368 2155 1527 2220 mejestetem
1546 2149 1718 2219 imperotoris
1736 2151 1833 2201 selseee
1847 2165 1904 2202 esse
1917 2168 1974 2202 uon
1987 2170 2059 2220 poe·

1230 2255 1276 2304 se,
1294 2238 1316 2289 si
1338 2254 1390 2290 nou
1410 2236 1525 2290 liberum
1543 2235 1585 2302 jue
1609 2232 1757 2303 exequendi
1783 2234 1833 2304 ipsi
1859 2234 2060 2302 indulgentur,

1231 2333 1259 2374 ut
1278 2322 1488 2375 demonstretum
1508 2319 1538 2372 iu
1556 2317 1639 2388 posit.
1651 2320 1677 2369 8.
1697 2315 1752 2370 ttec
1763 2323 1989 2388 operaepretium
2005 2333 2060 2386 est,

1231 2418 1259 2460 ut
1277 2424 1344 2474 quse
1362 2407 1390 2458 iu
1409 2402 1464 2460 line
1483 2405 1561 2472 bujus
1580 2403 1674 2474 cepitis
1691 2403 1798 2455 edducit
1816 2402 1924 2456 dissert.
1938 2417 2060 2468 ructor,

1231 2495 1301 2546 nulle
1320 2510 1356 2547 ec.
1375 2491 1482 2562 imperii
1503 2491 1708 2550 cunstinrtione,
1726 2488 1798 2540 nulle
1816 2489 2014 2555 cepisuletione
2029 2509 2061 2542 o·

1231 2576 1318 2631 stendi
1339 2594 1435 2646 posse,
1452 2573 1521 2642 quod
1537 2574 1565 2625 in
1584 2573 1665 2626 elium
1685 2571 1830 2641 exequendi
1843 2571 1957 2624 brutus
1970 2584 2061 2627 trees·

1232 2663 1283 2715 lete
1301 2663 1353 2726 sit,
1372 2661 1475 2731 prolixe
1494 2659 1538 2711 ltie
1559 2669 1730 2728 repetenture
1750 2654 1873 2710 sufficere
1890 2656 1967 2709 enisu
1987 2674 2062 2728 pure

1232 2759 1294 2800 runt
1311 2749 1414 2810 lectori,
1426 2760 1494 2816 quec
1504 2744 1533 2798 in
1545 2741 1624 2809 posit.
1639 2744 1664 2794 0.
1677 2753 1703 2796 et
1716 2740 1742 2793 1.
1746 2743 1810 2816 junx
1821 2752 1885 2796 tutet
1896 2743 2033 2798 adducta.

1498 2875 1687 2928 ctru't
1723 2873 1772 2930 Vl.

1234 3000 1397 3074 Bxepuendi
1408 2995 1604 3052 rutrtdtartam
1616 3014 1674 3049 non
1687 3007 1743 3048 tum
1758 2997 1951 3068 directoribus,
1969 3021 2058 3074 qu·

1391 3081 1503 3137 ducibus
1516 3081 1678 3134 circulorum
1691 3078 1787 3137 datam
1805 3097 1878 3136 esre.

1233 3185 1334 3312 Quod
1348 3239 1375 3289 in
1389 3233 1770 3304 inscriptionerrrdsidioriuu
1790 3245 1861 3290 rocol
1879 3249 1972 3293 ructor
1991 3259 2058 3297 exe·

1230 3327 1327 3395 quendi
1344 3323 1512 3380 iacultetem,
1532 3337 1598 3390 quse
1611 3318 1785 3373 directoribus
1805 3324 1843 3373 rel
1862 3322 1976 3376 donibus
1995 3331 2053 3378 cir.

1231 3411 1347 3464 culorum
1360 3407 1500 3474 competit,
1514 3406 1562 3456 boc
1575 3403 1736 3474 simpliciter
1747 3401 1852 3457 sdmitti
1875 3423 1928 3458 oon
1951 3427 2054 3476 posse,

1231 3497 1280 3559 jem
1294 3505 1370 3558 supro
1383 3487 1472 3540 monui
1484 3505 1544 3552 cop.
1564 3485 1590 3538 1.
1609 3485 1683 3540 eirca
1694 3485 1754 3556 fin.
1777 3503 1901 3557 quorsum
1923 3491 2054 3544 lectorem

1231 3575 1347 3629 remitto.
1365 3573 1456 3641 lpenm
1469 3587 1531 3623 sero
1544 3571 1639 3633 tberne,
1654 3571 1689 3623 de
1704 3589 1757 3640 quo
1770 3571 1819 3624 boe
1831 3577 1918 3643 espite
1930 3576 2055 3641 disserit,

1230 3675 1336 3726 scopum
1350 3667 1510 3725 pressenten
1525 3671 1576 3706 nou
1593 3652 1663 3718 ierit,
1675 3652 1739 3718 sed,
1752 3653 1775 3704 si
1794 3655 1822 3706 in
1837 3656 1936 3720 inilicio
1950 3673 2055 3711 mutre-

1230 3742 1343 3793 dictorio
1357 3741 1406 3792 boc
1418 3749 1523 3806 urgeret
1536 3750 1643 3802 suntor,
1656 3737 1683 3788 in
1703 3749 1827 3808 promptu
1846 3739 1914 3792 toret
1940 3745 2053 3811 replice-

1231 3828 1283 3890 tio,
1296 3826 1364 3879 benc
1376 3841 1432 3877 esse
1444 3822 1625 3890 exceptionem
1639 3821 1705 3886 ioris
1720 3823 1805 3886 tertii,
1818 3841 1885 3892 quee
1901 3829 2053 3898 excipienti

1232 3911 1302 3962 nulle
1317 3909 1417 3962 reticos
1428 3906 1550 3976 prodesse
1563 3907 1674 3976 poterit.
1686 3903 1790 3960 liumus
1808 3909 1881 3960 enim
1899 3909 1950 3962 boc
1973 3929 2054 3983 puer„

1232 3989 1499 4061 liberiorexeqtecttdi
1513 3999 1628 4060 potestus
1646 3991 1774 4056 compelli
1792 3991 1857 4061 imp
1875 3995 1897 4045 xi
1919 4013 1973 4050 non
1998 4004 2052 4054 cip.

1230 4081 1349 4132 culorum
1363 4074 1558 4136 directoribus,
1572 4072 1616 4125 sed
1632 4073 1742 4126 ducibus
1761 4077 1876 4128 executio
1896 4079 1922 4130 in
1945 4081 1973 4134 tt.
2001 4085 2054 4138 iee-

1232 4163 1300 4234 perii
1316 4156 1451 4229 injuncte?
1471 4155 1580 4211 Sufficit
1594 4173 1665 4220 senc,
1678 4159 1748 4226 quod
1766 4177 1814 4228 per
1826 4161 1940 4230 eliqueret
1953 4166 2050 4222 boru-

1231 4245 1347 4301 executio
1361 4239 1419 4295 fieri
1434 4243 1542 4306 debeet,
1561 4253 1583 4292 et
1601 4257 1653 4292 uon
1679 4241 1831 4296 lrnmediete
1845 4262 1893 4314 per
1906 4249 2051 4317 imperetu-

1232 4348 1310 4386 rent.
1334 4329 1368 4382 Et
1391 4323 1492 4380 suffieit
1511 4325 1541 4374 ud
1562 4325 1730 4394 iniquitutent
1749 4326 1859 4393 slieujus
1884 4336 2052 4392 excestionie

1232 4413 1471 4478 demonstrsudem,
1488 4411 1556 4463 benc
1574 4425 1622 4460 neo
1641 4407 1700 4461 duel
1719 4409 1822 4474 circuli,
1841 4430 1888 4464 nec
1906 4414 2049 4474 direetoet.

1233 4503 1281 4556 bus
1299 4501 1468 4554 commissum
1487 4495 1585 4548 luisse.
1607 4493 1663 4547 lseo
1682 4489 1806 4562 suffieit,
1825 4499 1846 4546 si
1872 4498 1925 4551 rlux
1954 4505 2051 4560 eireertt

1233 4585 1408 4639 directoribus
1426 4583 1493 4636 beno
1511 4589 1627 4650 spectem
1649 4579 1788 4648 relinquet.
1808 4579 1885 4634 Certe
1898 4585 1925 4636 in
1938 4585 1987 4639 ttto
2000 4592 2052 4642 eie-

1232 4671 1306 4735 eulo,
1325 4668 1370 4722 ubi
1389 4665 1486 4737 uliquis
1504 4679 1536 4716 ex
1555 4661 1730 4715 directoribus
1748 4663 1828 4715 sirnsd
1847 4665 1920 4718 ducis
1939 4687 2052 4728 uenere

1234 4753 1373 4821 iungitur,
1393 4748 1462 4818 quod
1481 4746 1622 4800 emendum
1644 4746 1673 4798 ll.
1691 4745 1796 4816 imperii
1815 4743 1873 4801 fieri
1895 4768 1971 4820 poree
1988 4773 2050 4810 ως.

1233 4847 1281 4890 stet
1299 4850 1332 4887 ex
1351 4848 1445 4886 noers.
1458 4834 1523 4903 imp.
1536 4847 1612 4884 enno
1628 4829 1704 4884 test.
1727 4836 1748 4892 ς.
1764 4827 1823 4882 und
1845 4833 1880 4884 de
1906 4836 1983 4890 einer
2006 4841 2050 4894 'tx

1234 4923 1297 4976 besc
1313 4919 1476 4973 concertetio
1494 4917 1572 4986 plens
1589 4915 1739 4967 manescit.
1768 4914 1941 4985 supersedere
1963 4921 2050 4993 itxque

1234 5007 1280 5058 bec
1297 5020 1375 5074 opere
1394 5018 1499 5072 possem
1523 5000 1550 5050 in
1571 4997 1730 5067 repellendis
1748 4997 1813 5060 illis,
1830 5017 1896 5070 qnee
1913 5001 2049 5078 boeeepi.

1235 5101 1261 5142 le
1277 5088 1385 5141 eddesxil
1412 5099 1513 5154 sector,
1532 5087 1594 5157 quic
1614 5097 1700 5138 tetuctt
1719 5084 1831 5153 rceligie
1851 5087 1906 5154 ejus
1919 5107 2051 5148 mesen.

373 5199 449 5247 runs,
468 5182 491 5235 si
509 5184 547 5234 rel
566 5179 597 5230 sd
616 5195 759 5232 eeesrreem
780 5181 940 5245 mejestetem
960 5180 1132 5249 eppelleturn,
1145 5184 1184 5236 sel
1234 5187 1323 5229 turure
1343 5171 1454 5245 promisi
1473 5171 1605 5244 superius,
1623 5165 1704 5222 fidem
1721 5168 1808 5222 dstxtu
1827 5170 1941 5242 implere
1960 5195 2052 5237 nem

367 5267 402 5318 nb
421 5267 571 5335 denegatum
601 5265 730 5331 justitium
758 5267 814 5333 ejus
837 5266 966 5318 suxiliuu
993 5265 1183 5334 imploraturn.

368 5353 422 5408 ttre
442 5345 643 5406 esnrere'mibi
670 5352 774 5402 enimus
799 5359 851 5412 est,
879 5349 945 5400 boue
973 5350 1182 5412 iurisdictionem

378 5437 575 5508 imperetoriens
595 5435 750 5488 executione
766 5431 919 5486 destitutum
945 5449 1022 5496 esse,
1049 5445 1093 5486 eut
1119 5439 1184 5506 ieep.

369 5523 457 5594 ipsum
477 5523 533 5586 iure
551 5519 695 5588 exequendi
717 5521 871 5570 sententiani
890 5535 985 5570 cerere.
1005 5517 1058 5570 snt
1083 5533 1181 5573 contro.

371 5610 455 5664 serris
476 5615 573 5661 tentum
593 5615 707 5658 remuuet
725 5601 758 5658 de
778 5602 854 5656 modo
878 5619 908 5658 ee
932 5603 1031 5658 retiooe
1055 5605 1174 5662 executio

1233 5279 1290 5315 suut
1308 5257 1401 5312 belreo.

1271 5347 1436 5400 Circulerusx
1457 5337 1635 5394 directoribus
1652 5338 1686 5392 eb
1704 5338 1786 5394 initio
1802 5341 1948 5412 exequendi
1974 5346 2054 5404 fiat.

1237 5441 1315 5486 tetesu
1335 5429 1364 5482 in
1381 5429 1409 5480 ll.
1424 5426 1531 5496 ixepsrii
1551 5441 1606 5478 non
1626 5423 1707 5478 luisse
1725 5441 1890 5490 eoncessum,
1910 5429 1956 5484 sed
1975 5433 2055 5488 effi.

1234 5519 1297 5584 bue,
1312 5515 1449 5569 existimet
1462 5521 1562 5566 suntor.
1574 5511 1749 5582 Respondeo,
1763 5515 1861 5566 rectius
1874 5516 1927 5570 diei
1941 5555 1951 5582 ,
1967 5520 2052 5575 dee..

1236 5605 1269 5657 lis
1282 5599 1349 5676 ipsis
1362 5602 1404 5673 jus
1415 5595 1560 5670 exequendi
1574 5598 1782 5672 competere,qui
1797 5599 1844 5653 lue
1857 5602 1895 5656 ret
1909 5621 1955 5676 per
1972 5603 2053 5661 dem
