4414 6188
416 336 469 388 tot
967 324 1156 382 maturat.
1177 327 1209 376 V.
1230 324 1346 380 oswi
1365 321 1414 378 lii.
1923 317 1980 370 ibb

295 400 298 406 Ι
358 429 466 499 ospitat.
488 421 612 493 leopold.
627 415 1164 490 annullatam‚opesaeptetiatoconiers,
1218 415 1360 470 dictionem
1384 411 1506 470 inviolati
1532 429 1548 465 a
1574 429 1656 482 pape,
1674 408 1743 463 baad
1769 421 1861 473 secas,
1884 426 1964 480 mana
1987 422 2035 480 pse

353 527 369 560 a
387 509 480 580 primis
498 509 564 570 sois,
583 514 608 558 at
631 503 667 556 ita
685 503 788 568 dicato,
807 501 943 554 cttttabulis
961 510 1098 568 repeteret
1115 518 1167 568 quo
1221 507 1278 561 est,
1299 498 1468 568 iniquissime
1492 496 1596 560 ierens,
1622 505 1805 566 provocantem
1827 493 1861 544 ab
1882 510 2033 562 mnerata,

354 607 385 647 es
404 592 500 643 alarias
518 602 604 660 postea
628 586 660 639 tie
678 589 735 650 eius
756 587 854 648 abusa,
871 595 899 637 et
924 587 1023 649 majore
1045 581 1166 652 deprava·
1220 591 1348 649 tamquam
1363 581 1565 637 condemnatam
1583 592 1758 632 contumace·
1777 578 1864 630 banuo
1881 575 1963 630 ierire
1979 593 2034 636 aon

354 671 425 723 tione
443 681 561 725 constare
580 665 953 741 possit.0ccasiu,otouucii
972 681 1061 718 causas
1078 663 1169 720 civiles
1219 663 1363 727 dubitavit,
1383 665 1456 718 edito
1482 663 1590 734 publico
1615 663 1717 733 scripto
1742 661 1792 714 aab
1818 660 1909 713 titulo:
1924 659 2032 729 iustitia

357 752 385 804 in
413 753 555 806 Germania
580 753 612 805 st
637 768 664 806 se
690 749 886 818 pertraherent,
912 748 975 802 osec
1000 745 1168 816 potissimam
1221 746 1417 803 declarationis
1434 747 1464 800 irs
1479 748 1600 802 bannum
1609 747 1695 813 strete
1714 747 1745 796 t'ss
1766 761 1876 796 camma
1897 741 2035 812 imperiali

357 834 406 887 luit
416 856 427 900 s
447 836 561 903 scilicet,
574 836 635 906 quia
652 830 780 888 offici-tes
798 830 1036 901 archi-praesulum
1055 838 1081 882 et
1095 843 1168 897 prae-
1220 830 1248 882 in
1271 847 1355 882 caasa
1374 830 1549 886 Gatbatinae
1568 828 1724 882 traiecere.
1738 827 1775 878 Εο
1793 825 1885 880 lortius
1903 844 1965 880 vero
1983 829 2034 880 iot·

356 920 442 981 talant
462 919 639 984 coloniensis,
655 915 822 980 trevirensis,
842 913 1057 966 monasteriensis
1069 919 1095 962 et
1108 909 1162 962 aiio
1221 923 1356 980 perstotes
1372 917 1456 966 nostri
1483 930 1598 968 mutasse
1616 923 1644 965 et
1666 911 1729 964 aliis
1755 911 1863 978 jotictts
1882 911 1911 962 io
1931 929 2036 966 conus«

356 1017 429 1066 rato,
448 1003 557 1054 notulae
576 999 726 1071 principata
746 1015 852 1053 suoram
873 995 1083 1065 iurisdictionem
1102 1010 1171 1046 seca·
1221 996 1303 1050 sartula
1315 1014 1359 1050 aaa
1372 998 1527 1052 anctoritate
1540 996 1720 1050 auxiliatrices
1738 1013 1830 1049 aosoas
1843 995 1968 1065 praebere
1985 999 2034 1051 ob·

355 1085 435 1136 larem
455 1085 612 1154 civilemque
638 1091 776 1146 exerceat,
795 1081 893 1133 exinde
916 1088 991 1132 ortus
1017 1087 1057 1130 est
1074 1076 1170 1129 abusos
1221 1079 1309 1132 stricti
1329 1093 1405 1144 sant,
1423 1100 1476 1152 qao
1493 1085 1607 1135 sanctius
1625 1079 1815 1150 promiserunt,
1832 1080 1922 1130 omnia
1941 1082 2035 1134 illast·

356 1171 579 1240 appellationum,
593 1176 622 1218 ot
640 1167 739 1220 scilicet
759 1165 808 1219 sab
827 1165 900 1218 hisce
916 1159 1078 1216 officialibus
1095 1177 1170 1213 eausa
1221 1172 1319 1217 tentata
1337 1173 1364 1215 et
1382 1164 1475 1216 abusus
1494 1165 1583 1218 ousiae
1603 1180 1744 1228 romanae,
1769 1163 1838 1216 eires
1858 1163 2035 1219 imbutionem

355 1252 477 1303 cadentes
497 1262 667 1318 provocarent
685 1250 716 1302 ad
736 1247 845 1300 atrocior
868 1247 1027 1318 apostolicos
1046 1243 1170 1298 Coloniae
1220 1245 1378 1312 judiciorum
1405 1247 1525 1300 civilium
1553 1259 1637 1300 mmet
1662 1262 1720 1299 essa
1744 1247 1931 1299 annullataros.
1957 1247 2035 1318 Qasoi

355 1342 382 1385 et
401 1332 532 1384 bruxellis
556 1333 693 1402 ordinarie
711 1333 861 1390 residentes.
882 1330 955 1399 Quas
980 1328 1170 1400 appellationes
1222 1327 1301 1380 etiam
1321 1330 1354 1380 ab
1374 1330 1408 1381 iis
1426 1327 1527 1382 iac-tuso
1542 1347 1617 1394 esse,
1633 1340 1708 1383 testes
1725 1332 1941 1400 tocuptetassoot
1960 1351 2035 1388 man·

354 1416 440 1468 colore
456 1416 570 1483 justitiae
588 1431 681 1468 cruere
700 1415 812 1468 annisus
830 1426 867 1466 est
895 1413 959 1467 ioh.
975 1434 990 1464 a
1009 1411 1123 1466 Cliokter
1141 1412 1168 1466 in
1221 1409 1283 1462 data
1301 1410 1350 1464 iila
1369 1413 1402 1464 de
1419 1413 1541 1466 tollendo
1560 1428 1670 1466 recursu
1688 1414 1725 1466 ad
1741 1419 1856 1468 assutos
1873 1418 2035 1483 apostolicos

356 1498 450 1551 vindic.
470 1485 587 1550 libertai.
606 1499 698 1551 eccles.
720 1499 798 1549 1130.
824 1497 911 1550 editis.
931 1497 1031 1552 Veram
1049 1511 1107 1548 cara
1128 1497 1171 1547 ud·
1221 1495 1251 1546 in
1272 1495 1395 1550 ciuilibus
1405 1508 1432 1549 et
1444 1499 1634 1565 temporalibus
1645 1498 1748 1562 causis,
1762 1517 1827 1568 quae
1846 1499 1874 1550 ia
1893 1503 2037 1570 appendice

358 1583 408 1632 huc
427 1580 516 1632 Leodii
535 1585 712 1654 solertiquot
730 1598 812 1632 sonos
831 1597 907 1633 casus
925 1582 1107 1650 contingeret,
1126 1580 1170 1638 abs
1222 1581 1327 1649 allegati
1344 1583 1437 1652 scripti
1457 1585 1594 1636 cameratis
1620 1604 1639 1639 a
1657 1603 1732 1639 num.
1757 1586 1782 1635 ³·
1801 1601 1886 1656 utque
1904 1590 1946 1640 lb.
1965 1603 2036 1644 oom-
2122 1583 2131 1596 ⁸

356 1665 542 1716 condemnatas
561 1664 589 1715 in
608 1679 710 1716 camere
732 1661 763 1714 od
785 1679 875 1733 papam
903 1675 1103 1732 provocaverat,
1124 1663 1172 1714 hoc
1224 1675 1324 1733 pareat.

358 1761 510 1817 supremum
530 1747 650 1814 justitiae
672 1745 787 1800 tribuual
806 1746 834 1797 io
857 1745 985 1817 imperio,
1002 1763 1075 1800 sassa
1094 1745 1172 1814 juris·

1025 1905 1272 1974 CAPUT
1315 1907 1373 1976 ili.

699 2079 755 2148 Dc
779 2078 925 2171 negotiis
944 2077 1098 2168 politicis
1119 2101 1181 2165 pes·
1203 2079 1470 2167 capitulationes
1493 2079 1694 2149 annullatis.

592 2253 616 2304 S
635 2251 663 2304 U
678 2248 715 2302 d!
728 2249 763 2302 bi
780 2250 808 2303 A
829 2251 852 2302 li
872 2250 890 2301 t
908 2247 937 2300 A
1226 2249 1290 2302 Non
1306 2259 1396 2301 tamen
1411 2251 1462 2303 sub
1483 2252 1533 2304 bac
1559 2255 1751 2308 annullatione
1773 2259 2042 2326 comprehendantur

1260 2331 1404 2400 vectigalia
1423 2352 1491 2386 noua
1508 2335 1709 2404 influminibus
1725 2357 1775 2407 per
1786 2359 1877 2394 novas
1888 2356 2039 2400 cataractas

358 2423 515 2484 Imperator
533 2416 602 2468 nibil
623 2426 710 2484 potest
719 2413 820 2484 Jiscere
844 2415 904 2470 sine
925 2432 1016 2486 poena
1040 2413 1174 2468 nullitctis
1259 2413 1478 2484 navigabilibus,
1492 2417 1524 2468 de
1543 2419 1636 2485 cuibus
1654 2421 1828 2488 uectigalibus
1845 2427 1956 2492 capital.
1969 2431 2040 2483 Leo.

394 2513 488 2554 contra
497 2500 560 2570 jura
573 2511 691 2553 statuam
705 2499 846 2572 acquisita.
860 2504 947 2553 Actus
956 2498 1071 2564 suscepti
1079 2509 1173 2552 contra
1257 2493 1334 2562 polti-
1345 2494 1510 2567 loquitur.§.
1525 2500 1567 2548 17.

392 2580 638 2650 oppignorationes
661 2581 817 2652 imperiales
846 2581 962 2636 statibus
980 2579 1081 2651 factas
1108 2591 1173 2636 sunt
1226 2575 1349 2628 Nscilit's
1363 2581 1534 2651 praejudicat
1552 2581 1620 2634 ltaec
1635 2585 1809 2652 annullatio,
1824 2591 1871 2656 pai
1887 2603 1952 2643 ante
1969 2597 2039 2660 cupi·

393 2667 470 2716 ualli.
485 2669 506 2726 5.
522 2667 546 2714 1.
1261 2660 1403 2711 tulats'ones
1412 2664 1469 2727 jana
1480 2664 1656 2734 privilegium
1668 2672 1806 2723 consecuti
1819 2692 1871 2737 pro
1890 2675 1974 2730 lubitu
1988 2684 2038 2731 noss

356 2749 551 2816 Intelliguutur
571 2748 640 2800 baec
661 2747 692 2798 cle
711 2745 981 2816 oppignoratianibus
999 2755 1064 2799 ante
1093 2746 1175 2797 caro·
1264 2755 1295 2790 ta
1313 2743 1450 2810 vectigalia
1473 2747 1669 2802 introducendi.
1694 2753 1872 2823 Prioilegium
1890 2760 2037 2816 branam,

394 2831 450 2882 lum
469 2833 497 2880 V
505 2829 605 2896 sactis.
618 2830 639 2894 §.
652 2830 678 2879 1.
1261 2823 1411 2876 electorum.
1433 2829 1486 2880 dus
1506 2831 1675 2900 vectigalium
1691 2839 1877 2904 complectitur
1893 2847 1976 2898 etiam
1992 2847 2040 2916 jus

362 2913 509 2983 Prisilegia
522 2914 557 2966 ab
570 2914 731 2980 imperatore
745 2911 907 2980 impetrato,
922 2911 1018 2980 quibas
1031 2912 1177 2968 laeduntur
1260 2908 1399 2978 stapulas,
1410 2911 1432 2976 5.
1451 2914 1492 2966 18.

392 3007 506 3065 statuum
514 2999 601 3068 jura,
614 3008 678 3046 sunt
691 2995 776 3047 nulla·
791 3004 811 3056 t.
825 2997 849 3048 3.
1225 2990 1390 3044 immunitos
1400 3013 1417 3046 a
1428 2996 1544 3053 Caesare
1556 3015 1683 3054 concesso
1695 3003 1795 3058 intuitu
1813 3007 1977 3065 teloniorum
1991 3032 2040 3066 aa·

357 3083 478 3156 Statuam
490 3081 560 3152 jara
580 3079 674 3132 omnia
684 3079 785 3148 fluunt
803 3099 840 3132 ec
862 3080 1051 3150 superioritate
1069 3081 1170 3134 territo
1259 3073 1409 3130 nullautus.
1423 3085 1444 3138 §-
1459 3079 1503 3131 19-

373 3232 376 3240 .
395 3165 467 3220 ήαιῑ,
481 3159 505 3232 5
519 3163 544 3216 t,
1225 3157 1425 3224 Espectcsttiae
1442 3184 1460 3216 a
1483 3165 1602 3219 Caesare
1612 3185 1755 3224 concessae
1773 3173 1833 3226 sine
1843 3191 1977 3232 consensu
1991 3180 2039 3230 ele·

358 3247 551 3303 Annullantstr
566 3263 706 3315 processus
723 3245 895 3299 subditorum
913 3260 1009 3300 contra
1028 3248 1173 3316 superiori·
1259 3249 1364 3292 “tirum
1386 3244 1414 3296 t'tt
1430 3241 1523 3311 findo
1544 3247 1653 3319 majora
1679 3255 1811 3306 vacantia
1838 3257 2037 3324 annullantur,

394 3342 476 3386 tatem
488 3343 605 3382 statuum
621 3335 687 3382 moti
698 3347 791 3382 coram
803 3329 978 3398 imperatore.
990 3339 1011 3394 5.
1024 3333 1049 3383 5.
1261 3325 1275 3390 S
1297 3327 1340 3378 20·

364 3413 456 3465 Etiam
463 3411 527 3482 p'stre
540 3413 680 3466 corumu'ni
686 3411 881 3482 precesjalsae
891 3413 933 3463 nil
940 3423 1096 3479 operantur.
1108 3415 1172 3469 Sub·
1225 3411 1384 3477 Imperator
1401 3423 1492 3468 tamen
1510 3415 1584 3470 solus
1601 3427 1670 3470 recte
1689 3419 1800 3490 judicat
1814 3421 1888 3476 inter
1904 3437 2036 3494 agnatos,

395 3499 445 3548 diti
456 3508 553 3552 contra
572 3497 706 3566 principes
719 3512 784 3550 suos
805 3507 915 3566 agentes
935 3515 951 3548 a
973 3497 1067 3551 licetine
1071 3499 1175 3571 judicii
1259 3493 1424 3562 eutseuduu
1435 3515 1536 3550 cacans
1553 3509 1696 3562 competes.
1715 3503 1935 3560 [dissentientium
1948 3513 2039 3574 opinio

399 3581 556 3649 repellendi.
567 3581 748 3648 Siprocersas
759 3589 857 3631 cantra
871 3581 1018 3651 principem
1034 3583 1173 3650 permitta-
1262 3581 1431 3646 rependitur.
1446 3582 1605 3637 sententiae
1622 3585 1805 3638 discordantes
1823 3587 1852 3640 in
1872 3589 2041 3645 barmont'arn

394 3676 439 3718 tur
446 3662 660 3734 praemittendae
673 3663 766 3716 literae
778 3659 998 3730 irfitrmators'ae.
1013 3665 1036 3730 §.
1048 3667 1073 3716 b.
1262 3662 1427 3733 rediguntur.
1444 3671 1465 3726 5.
1481 3665 1524 3716 tt.

368 3752 400 3801 in
423 3747 494 3798 bisce
513 3745 680 3813 processibus
703 3743 800 3796 literae
822 3744 1037 3814 informatoriae
1070 3746 1096 3798 si
1118 3763 1175 3798 non
1226 3746 1373 3812 Principes
1397 3749 1557 3801 monetandi
1572 3751 1640 3818 jars
1659 3751 1799 3806 abutentes
1819 3756 1965 3814 prs'santur
1980 3756 2038 3811 illo.

395 3829 590 3902 praecesserint
608 3825 738 3880 mandata
758 3829 880 3898 imperat.
899 3829 930 3880 in
949 3847 1031 3883 causa
1043 3829 1173 3882 sabditos.
1263 3829 1412 3897 IpsoJiscto
1423 3843 1508 3886 status
1520 3833 1563 3887 bic
1579 3847 1720 3896 peccantes
1730 3837 1862 3890 merdant
1876 3839 1938 3906 jure
1954 3855 2004 3894 saa
2015 3851 2042 3894 et

396 3912 648 3982 contraprincipem
661 3907 892 3982 suntnulla.§'1.
1263 3915 1332 3968 illud
1356 3917 1525 3970 annullatur.
1551 3919 1626 3971 Idem
1657 3919 1798 3972 dicendum
1829 3921 1864 3973 de
1889 3925 2041 3979 ciuitatibus

370 3999 524 4055 Vitariatus
545 3997 675 4065 dignitas,
696 4013 778 4066 quarn
792 3995 845 4048 sibi
866 4007 1027 4050 mantuanus
1051 4010 1177 4070 arrogat,
1265 3998 1472 4066 municipalibus
1495 4001 1546 4054 boc
1572 4003 1637 4070 iure
1668 4002 1827 4056 massetantis'
1851 4009 2039 4075 gaudentibus.
2095 4025 2098 4031 ·

394 4083 555 4136 annullatur
573 4079 601 4133 in
617 4079 734 4148 gratiam
758 4078 911 4134 Sabaudias
933 4080 1018 4134 dacin
1038 4083 1093 4153 Qui
1111 4083 1176 4138 olim
1264 4085 1287 4142 ς.
1300 4081 1344 4132 22.

396 4165 549 4219 vicariatum
562 4163 592 4215 in
607 4163 688 4214 italia
699 4162 924 4229 praetenderint?
937 4171 959 4226 5.
968 4165 996 4226 8,
1232 4167 1316 4216 Actus
1329 4166 1499 4228 imperatoris
1510 4177 1607 4220 contra
1625 4166 1783 4222 electionem
1800 4170 1913 4224 liberam
1927 4175 2040 4242 impera·

361 4249 517 4306 Sabaadioe
529 4243 586 4296 duo·
598 4243 776 4314 confirmatur
785 4243 814 4297 in
827 4243 954 4299 vicariatu
974 4247 1082 4300 ltaliae.
1097 4253 1174 4304 Atta·
1262 4250 1332 4301 toris
1341 4249 1527 4302 annullentur.
1543 4252 1628 4304 Adest
1640 4251 1751 4306 libertos
1763 4255 1902 4307 electionis
1914 4257 1943 4306 in
1955 4259 2037 4325 impe·

402 4349 463 4384 men
477 4347 535 4382 cuns
548 4327 682 4388 clausula,
695 4326 720 4377 ti
735 4326 858 4381 obediens
873 4339 899 4380 et
911 4327 1003 4394 fidelis
1018 4329 1129 4398 imperio
1142 4333 1177 4382 sit
1263 4332 1306 4384 rio
1325 4332 1385 4386 licet
1405 4351 1442 4388 aa
1463 4336 1554 4387 Domo
1572 4335 1711 4390 austriaca
1729 4336 1822 4390 electio
1838 4353 1890 4405 per
1905 4341 1995 4392 seculo
2013 4339 2040 4390 2

399 4416 539 4468 entituras.
551 4419 572 4474 §.
584 4409 610 4460 9.
1251 4413 1343 4484 Jiscta.
1354 4415 1377 4486 5.
1390 4419 1433 4470 23.

365 4501 481 4556 Decreta
493 4505 589 4548 contra
602 4491 821 4562 praecedentiam
834 4491 981 4560 lepctorum
991 4493 1176 4550 electoralium
1227 4502 1401 4566 Imperatoris
1412 4506 1542 4575 rescripto
1557 4517 1655 4560 contra
1673 4507 1743 4575 leges
1759 4505 1959 4578 impsundanr.
1977 4517 2040 4562 sunt

399 4577 588 4635 auscultantur·
602 4583 623 4640 i·
638 4577 680 4626 1⁰·
1263 4588 1350 4642 notto.
1362 4590 1386 4655 5.
1399 4589 1444 4643 ii.

362 4661 528 4720 Electorales
539 4659 620 4729 legati
629 4675 689 4710 cuns
701 4657 853 4712 charactere
862 4659 1041 4729 praeferentis*
1056 4665 1173 4718 Veneto·
1226 4671 1374 4744 Pontfficis
1385 4673 1521 4726 absolutio
1534 4675 1586 4728 boc
1596 4689 1658 4728 cata
1670 4675 1748 4730 nulla
1760 4685 1807 4727 est.
1817 4676 1839 4740 5.
1854 4675 1897 4727 tt.

400 4766 459 4800 rum
473 4756 497 4799 et
511 4744 651 4810 Belgarum
666 4743 768 4810 legatis.
781 4745 803 4809 5.
820 4745 865 4794 11.
1225 4756 1359 4820 Auocatio
1371 4773 1515 4810 causarum
1534 4759 1563 4809 in
1581 4775 1690 4814 camera
1713 4760 1887 4830 pendentium
1913 4763 1951 4814 ad
1962 4761 2039 4833 jndi-

364 4828 504 4894 Principes
524 4844 604 4897 aspre
612 4823 725 4893 ficunt,
746 4827 819 4896 quod
830 4825 896 4895 ipsis
918 4827 1002 4898 lepati
1017 4828 1123 4883 elecem.
1141 4833 1171 4884 t'ra
1256 4837 1327 4890 ciant
1337 4838 1455 4894 aulicum
1468 4841 1543 4894 nulla
1555 4853 1602 4894 est.
1615 4839 1639 4912 5.
1652 4842 1695 4894 to.

398 4911 504 4980 cuspitul·
513 4907 712 4977 praeferantur.
723 4905 746 4978 5.
761 4909 802 4962 11.
1222 4920 1368 4976 Concessio
1381 4923 1542 4994 dignitatum
1554 4943 1591 4976 ea
1604 4925 1662 4977 clio
1673 4923 1851 4987 cancellaria,
1862 4941 1940 4991 pssarn
1955 4925 2040 4991 inspe-

368 4993 509 5047 Cioitatum
529 4993 731 5058 municipalium
749 4991 1004 5061 confoederationes
1022 4999 1173 5054 annullare.
1245 5005 1326 5060 ,1011
1324 5005 1409 5074 fige,
1415 5044 1424 5069 ‚
1439 5005 1514 5060 nun„
1527 5019 1572 5060 m,
1585 5007 1662 5068 517,

401 5085 456 5125 tur.
468 5075 575 5126 Foedus
587 5077 786 5138 banseaticuns,
798 5079 845 5127 cui
859 5095 960 5131 nomen
979 5083 1079 5134 multu
1096 5085 1173 5138 arbes
1224 5086 1383 5156 Diplomata
1399 5106 1482 5158 super
1499 5091 1581 5142 nonis
1600 5087 1776 5160 diguitatibas
1786 5089 1812 5144 si
1823 5091 1894 5142 intro
1923 5091 1952 5140 3.·
1971 5107 2041 5143 men·

401 5157 576 5228 municipales
593 5156 724 5213 dederunt
742 5157 808 5213 olins
822 5198 832 5227 ,
855 5159 935 5215 bodie
946 5163 1010 5232 sere
1027 5169 1172 5234 eapaasit.
1255 5186 1298 5227 sss
1310 5190 1365 5226 non
1380 5174 1568 5237 redimantur,
1581 5172 1700 5242 dignitas
1711 5171 1758 5226 illa
1769 5175 1847 5227 nulla
1860 5183 1908 5226 est.
1920 5168 1943 5243 5.
1958 5173 2002 5226 ib.

400 5241 423 5312 i·
438 5245 479 5296 ¹³·
1227 5253 1369 5312 comasio
1382 5257 1464 5310 totius
1474 5255 1673 5310 dissertationis
1685 5273 1747 5314 cans
1756 5265 1833 5311 soto.
1845 5265 1867 5321 ς.
1881 5253 1925 5309 11.

368 5325 474 5380 Occasio
486 5324 595 5378 articuli
603 5326 636 5380 de
653 5325 841 5381 annssllatione
852 5329 1097 5402 corfinderationis
1114 5335 1171 5390 cisi·

402 5416 488 5460 tutum
503 5405 716 5476 municipalium.
732 5406 755 5480 5.
771 5409 814 5460 11.
1223 5420 1247 5485 5.
1266 5424 1291 5470 1.
1312 5363 1462 5490 Superiori
1481 5422 1567 5492 capite
1584 5422 1808 5476 consideravimus
1831 5439 1920 5477 csosus
1945 5433 1970 5476 et
1998 5441 2043 5478 oe·

364 5481 526 5560 Monopolia
538 5494 567 5543 irs
579 5489 691 5562 imperio
702 5493 887 5549 annullantur.
901 5496 923 5561 5.
939 5496 981 5549 tt.
1223 5503 1295 5572 potia
1311 5505 1489 5558 ecelesiastica
1508 5506 1537 5557 io
1555 5505 1789 5576 capitulationibus
1807 5506 1946 5558 annalista:
1966 5507 2042 5574 longe

368 5572 516 5645 Vectigalia
536 5585 592 5630 tarn
610 5575 747 5632 terrestria
764 5596 844 5646 paam
862 5577 1015 5650 influmin·
1034 5582 1171 5655 nasipabi·
1224 5603 1285 5638 vero
1303 5587 1408 5640 ttbmior
1425 5589 1534 5650 messis,
1556 5605 1712 5659 camposque
1731 5589 1871 5659 spatiosior
1897 5602 1977 5642 semet
1996 5605 2051 5642 exa

399 5656 467 5710 libro
478 5655 593 5725 deflecto
606 5659 729 5713 instituta
742 5661 926 5718 annullantur.
939 5670 960 5726 t.
975 5665 1016 5716 lb.
1225 5669 1299 5724 bibet
1317 5671 1346 5724 ia
1364 5675 1478 5744 negotiis
1494 5673 1627 5746 politicis,
1647 5676 1745 5744 quippe
1762 5689 1831 5744 quaa
1847 5685 1940 5728 statuto
1960 5675 2040 5745 impe·
2151 5740 2154 5746 Ι
