4414 6188
242 251 296 303 109
777 242 825 296 DE
842 245 1012 300 NEGO'l'llS
1033 245 1206 303 tottrtcts
1224 262 1286 302 ιτα.
1764 253 1817 306 tlt

185 347 290 416 linsque
301 344 374 416 leges
385 341 505 412 imperii.
521 339 549 394 Si
566 358 624 394 rcru
637 337 706 392 iot-te
719 339 838 409 pontisas
860 352 932 394 motu
946 362 1004 414 pro-
1054 343 1119 396 Utnt
1138 345 1208 397 enim
1230 345 1293 412 imp.
1311 339 1392 395 etiarn
1410 359 1458 411 qna
1479 359 1525 396 rex
1545 341 1686 398 Boltemine
1713 348 1753 400 sel
1781 345 1868 398 arciri·

186 432 246 503 prio
260 448 315 484 ιιιιι
328 427 475 491 concedat,
489 443 517 479 se
529 445 557 478 ea
570 441 623 476 nun
637 439 754 476 usurum.
1056 426 1108 477 don
1137 426 1255 477 lustriae
1279 427 1369 478 eadem
1395 437 1523 494 potestate
1547 427 1701 482 conletendi
1726 430 1868 500 dignitates

220 507 305 582 §.ili
323 507 470 562 Constituto
489 517 550 560 sunt
568 506 619 557 duo
638 522 741 556 summa
762 504 900 557 tribunalia
920 507 1003 575 impe·
1053 508 1176 575 gaudeat;
1195 526 1254 562 cnm
1275 518 1359 561 tameo
1379 509 1441 560 haec
1460 509 1618 578 dignitatum
1637 511 1744 564 collatio
1768 517 1801 566 ad
1827 515 1870 568 de-

186 593 222 648 rii
239 593 272 648 ad
290 592 454 647 decidendas
474 603 525 644 tarn
545 605 634 642 causas
654 587 808 658 principum
833 601 861 640 et
886 597 1001 641 statuum
1056 607 1100 642 cos
1119 591 1227 660 imperii
1249 595 1396 662 pertineat,
1415 593 1531 662 aequitas
1552 595 1682 662 postulat,
1702 607 1729 646 ut
1753 593 1781 647 in
1796 599 1868 650 nulla
1960 645 1966 652 ,

187 681 258 731 inter
277 693 323 739 sc.
341 693 426 747 quam
446 675 523 729 etism
551 674 659 743 imperii
688 671 851 725 subditorum
879 673 1004 726 mediato·
1054 673 1105 725 alia
1124 674 1277 728 cancellaria
1296 693 1374 746 quam
1394 677 1502 744 imperii
1523 675 1667 746 diplomata
1687 673 1869 748 perficiantur.

188 779 263 828 rum,
282 763 305 816 si
324 779 400 815 eausa
420 777 467 830 per
485 759 687 828 appeliationem
699 773 730 808 eo
744 755 876 819 detoluta,
890 756 1006 810 relnlias
1056 755 1166 810 decedit
1183 760 1406 824 emolumentum,
1425 759 1494 830 qnod
1514 777 1565 812 non
1584 760 1707 828 exignum
1726 773 1766 814 est
1787 765 1868 816 ratio·

188 846 276 920 quoad
294 847 408 916 primam
429 840 1004 912 instantiamsepertinest.lutliciuruscil.
1056 859 1089 893 ne
1108 843 1200 897 lterum
1219 845 1402 914 dignitatum,
1420 861 1466 898 ceu
1493 855 1563 913 patet
1581 862 1614 897 ns
1632 857 1700 901 toan
1716 847 1869 917 dignation-

190 932 333 994 camerals‚
351 946 420 982 none
440 925 608 982 Weralariae
626 925 764 989 residens,
782 936 811 976 ut
830 936 857 976 et
875 924 1003 990 judicium
1055 939 1109 990 per.
1130 925 1170 978 Ne
1189 937 1273 978 tamen
1294 929 1386 996 imper.
1413 929 1461 980 ltro
1486 929 1585 981 ratione
1610 931 1661 981 atti
1688 933 1869 1000 praeiudicet,

192 1015 302 1085 imperii
319 1013 452 1077 aulicum,
470 1030 502 1064 eo
520 1009 570 1062 loci
589 1009 772 1072 coustitutum,
792 1008 836 1060 uhi
857 1006 951 1062 Caesar
969 1025 1005 1060 re·
1055 1010 1137 1076 quoad
1155 1011 1197 1078 jus
1209 1011 1364 1064 conterendi
1378 1011 1518 1080 dignitates
1532 1013 1632 1065 intuitu
1647 1014 1740 1066 domus
1754 1016 1870 1072 dustria·

191 1099 333 1154 sidentiam
353 1115 426 1150 suam
446 1096 541 1147 habet·
561 1093 632 1146 tinec
650 1109 711 1145 sero
723 1091 819 1158 iudicia
833 1107 952 1162 suprema
965 1092 1007 1144 lta·
1055 1107 1099 1143 cae
1116 1103 1284 1162 competens,
1304 1097 1447 1148 notissime
1464 1107 1564 1147 centurn
1579 1109 1618 1148 est
1634 1097 1661 1148 in
1675 1100 1810 1167 capitulat.
1824 1105 1869 1157 Jo-

192 1181 255 1236 lreot
272 1195 475 1236 concurrentem
494 1176 726 1246 jurisdictionem,
744 1175 813 1245 qnod
832 1177 910 1228 latius
928 1193 1006 1245 expo-
1055 1175 1130 1240 septi
1150 1187 1205 1227 ort.
1223 1177 1267 1227 ta.
1288 1178 1312 1228 si
1329 1173 1397 1228 forte
1412 1179 1564 1248 imperatori
1579 1177 1687 1231 libuerit
1702 1184 1759 1248 jnre
1774 1185 1869 1240 tlomur

191 1276 258 1320 nunt
275 1265 416 1318 limnaeus
423 1263 482 1335 jur.
494 1261 561 1332 pult
580 1259 629 1312 ttt.
643 1260 669 1310 ll.
681 1277 739 1330 cop.
754 1258 777 1309 l.
792 1259 933 1312 Arttmaent
947 1262 966 1312 ι’.
976 1279 1003 1330 p.
1056 1260 1200 1313 austriacas
1218 1259 1298 1312 alicui
1315 1261 1471 1331 dignitatern
1491 1262 1625 1314 illustrem
1645 1265 1781 1328 conterre.
1805 1267 1872 1321 tane

191 1349 455 1416 ool.l.dise.1³,p.
480 1348 506 1399 l.
529 1347 689 1398 Panrmeist.
709 1341 742 1397 de
762 1343 894 1413 1'ttrr'sdt'ct.
914 1345 958 1398 lit.
979 1345 1004 1396 Β.
1058 1341 1145 1394 obitis
1164 1343 1192 1394 in
1212 1345 1327 1414 imperio
1341 1361 1388 1415 pro
1400 1345 1519 1413 legitima
1532 1347 1722 1413 agnoscendam
1738 1365 1803 1414 esse,
1816 1369 1872 1404 mo·

192 1453 250 1505 cop.
269 1435 293 1486 li.
313 1433 365 1487 Du.
377 1433 411 1484 ab
427 1433 525 1484 tudier
530 1431 643 1498 jurispr.
654 1427 730 1479 lim
751 1429 792 1480 tit.
808 1430 832 1478 t.
843 1446 872 1495 p.
886 1431 910 1478 1.
924 1435 947 1492 ς.
960 1430 1003 1479 ttt.
1056 1423 1090 1476 do
1108 1426 1224 1494 diploma
1243 1431 1354 1482 collatae
1372 1429 1510 1498 diguitatis
1528 1445 1581 1481 ooo
1602 1429 1710 1481 nomine
1727 1449 1871 1503 caesareo,

191 1517 341 1572 Fritsrltius
360 1519 399 1573 od
409 1520 571 1570 Limnaeum
584 1515 635 1567 loc.
647 1513 692 1566 cit.
705 1520 726 1576 i.
738 1513 763 1566 t.
780 1515 850 1564 illuc
863 1511 957 1565 Caesar
975 1514 1003 1564 in
1055 1507 1101 1558 sed
1115 1509 1276 1563 archidutali
1291 1511 1453 1582 expeditum
1465 1513 1533 1564 salar
1549 1521 1635 1563 tamen
1656 1513 1739 1565 adhuc
1760 1533 1871 1571 corraeo-

191 1621 293 1657 eamera
312 1603 456 1674 pendentes
475 1615 564 1654 causas
588 1616 706 1651 arncnre.
719 1601 822 1667 nequit,
849 1597 917 1666 quod
937 1599 1005 1649 clare
1055 1591 1126 1644 tione
1138 1611 1197 1646 eum
1210 1594 1319 1648 electore
1332 1597 1588 1667 ttoguutnamquao
1603 1597 1713 1665 imperii
1726 1601 1871 1655 archi-can-

192 1688 257 1741 satis
276 1689 364 1740 innuit
388 1684 440 1740 Die
459 1679 735 1752 Reicies-Hoffiliotlts
763 1683 899 1751 ordnung
920 1681 959 1733 tit.
981 1682 1006 1733 2.
1057 1673 1116 1724 cell·
1134 1673 1246 1746 desuper
1263 1677 1388 1730 ineuntis.

193 1781 246 1824 ort.
265 1772 309 1821 35.
330 1769 388 1822 ibi:
408 1769 444 1822 So
461 1769 558 1822 watien
571 1765 621 1820 cair
633 1766 712 1828 nucia,
726 1766 787 1816 dors
803 1767 893 1818 [inser
912 1762 1007 1816 Reiclts
1093 1765 1114 1821 i.
1134 1759 1179 1810 28.
1203 1761 1331 1832 Inprimis
1350 1780 1411 1816 tero
1431 1760 1559 1816 notabilis
1578 1762 1724 1818 annullatio
1742 1776 1783 1820 est
1805 1785 1871 1838 qnae

193 1850 454 1922 Hqffrattlronsten,
467 1851 525 1904 atad
538 1851 567 1904 in
580 1850 631 1901 den
648 1846 920 1912 Faetteaptartanen
939 1844 1007 1908 Wir,
1058 1837 1085 1892 in
1104 1853 1153 1894 art.
1171 1858 1245 1915 repet.
1271 1844 1315 1896 ld.
1340 1845 1450 1914 capitul.
1471 1846 1585 1915 leopold.
1603 1849 1736 1915 occurrit,
1756 1851 1802 1902 nbi
1822 1858 1872 1907 sta·

194 1935 254 1992 und
264 1953 361 1990 anem
380 1931 535 2004 t'ofitrm
548 1951 593 1984 arar
607 1931 697 1992 licien,
721 1932 845 1986 Unreren
870 1931 1007 1982 Camrner·
1059 1932 1143 1977 tntum
1162 1937 1216 1991 est,
1235 1927 1303 1998 quod
1322 1929 1382 1994 illi,
1400 1931 1462 1999 quia
1479 1949 1494 1983 ι
1514 1948 1584 1984 sacra
1602 1947 1722 1986 caesam
1737 1938 1872 2004 majestate

202 2020 312 2072 Geriedt
326 2027 532 2072 concurrentem
539 2014 778 2088 jurisdictionem,
794 2033 827 2066 su
840 2015 946 2066 ineluer
958 2013 1008 2066 Be·
1058 2007 1198 2074 dignitates
1215 2016 1364 2069 eminentes
1382 2015 1573 2086 impetrarunt,
1592 2019 1701 2072 interim
1723 2029 1809 2076 tamen
1829 2026 1857 2076 in

185 2101 591 2174 finderungderPortlaeyen,
612 2093 671 2150 and
695 2099 784 2178 Upser
804 2097 1008 2168 llbertrugunp‚
1059 2098 1170 2146 tratres
1188 2114 1311 2163 menses,
1331 2117 1345 2150 s
1367 2109 1484 2170 tempore
1503 2098 1585 2155 iactas
1605 2105 1744 2172 potestatis
1762 2111 1870 2180 amplio-

195 2186 366 2257 nn‘tgetlteilet
390 2185 478 2240 lauden
498 2181 651 2237 dentselhen
669 2183 761 2233 seinen
780 2179 904 2232 starclen
926 2179 1016 2247 Lnuff
1059 2190 1115 2226 rem
1138 2177 1244 2231 titolum
1264 2184 1426 2245 assumendi,
1445 2180 1586 2252 diplomata
1607 2203 1641 2239 ex
1658 2189 1873 2248 cancellarianon

193 2271 296 2336 taren,
309 2271 621 2336 undperaooeotionenr
636 2280 783 2318 causarum
803 2263 878 2315 nient
898 2264 1005 2316 verdin-
1057 2267 1168 2326 petunt,
1190 2272 1327 2333 tusamque
1343 2265 1507 2320 ordinariam
1528 2270 1644 2337 solvunt,
1660 2275 1793 2328 concessis
1815 2277 1872 2332 illis

194 2355 273 2418 dem,
287 2373 370 2408 mann
385 2351 603 2406 neoriicdsolelts
626 2349 731 2402 Sorden
747 2347 870 2400 otther-eit
889 2348 1008 2402 doseltst
1060 2343 1234 2410 dignitatibus
1255 2349 1330 2417 plane
1355 2347 1483 2403 excidere
1506 2349 1636 2417 debeant,
1663 2355 1718 2407 sire
1743 2368 1771 2410 nt
1795 2363 1872 2414 rerba

193 2439 277 2492 diuet
290 2431 704 2507 surgentirelrtcundinsinairte
720 2430 833 2483 ctiotion
855 2431 1008 2500 andoengtp
1057 2429 1203 2490 germanica
1224 2441 1331 2495 sonant,
1349 2431 1404 2484 siclt
1423 2432 1471 2487 der
1492 2436 1665 2506 cernitir'gten
1685 2439 1794 2496 Gunden
1816 2444 1875 2498 rand

191 2523 316 2591 gemaene
332 2522 442 2576 worden
458 2557 464 2571 .
482 2517 649 2571 Fortioribns
668 2514 752 2568 adltne
774 2513 897 2566 terminis
915 2514 1007 2582 prohi-
1059 2509 1255 2565 Conuersionen
1273 2534 1306 2566 aa
1324 2517 1448 2581 tiliniaco,
1466 2521 1534 2574 odet·
1551 2518 1634 2573 deren
1647 2523 1703 2575 siclt
1715 2543 1747 2577 su
1760 2528 1874 2597 gebrau-

192 2601 276 2656 bitum
296 2603 366 2656 idern
386 2613 427 2658 est
446 2603 475 2654 in
493 2599 600 2668 capitul.
614 2599 729 2669 leopold.
754 2610 806 2650 nrt.
820 2596 863 2647 ll.
883 2597 929 2650 ubi
942 2600 1007 2664 ejns·
1057 2593 1135 2656 oden,
1148 2613 1199 2652 nott
1223 2599 1282 2650 vae
1299 2595 1391 2653 heines
1413 2604 1502 2670 trigas
1522 2607 1681 2674 eugegeben,
1699 2611 1767 2663 oder
1785 2627 1872 2667 verst-

193 2687 267 2741 nsodi
293 2689 465 2742 avocationes
489 2684 660 2739 annullantur
688 2692 715 2735 ct
746 2681 804 2752 ipso
828 2685 886 2748 jnrs
914 2683 1006 2736 irritas
1057 2687 1124 2729 nitet
1141 2679 1392 2748 tandemtandem
1411 2687 1512 2738 Umera
1526 2687 1655 2756 Kayscrli.
1674 2691 1876 2769 Begnadigung

192 2771 338 2826 redduntur
355 2789 403 2840 per
423 2768 517 2822 rerba:
537 2767 644 2821 Dionen
664 2765 1005 2835 Kayser1.Gontmer-Gs·
1056 2766 1167 2820 solclten
1179 2767 1248 2822 Fulr
1260 2770 1331 2822 nacla
1344 2771 1498 2824 srweltnten
1517 2775 1629 2827 Termt'n
1646 2775 1703 2844 ipso
1711 2777 1796 2847 sonte
1815 2783 1872 2840 ltt'tt·

195 2855 265 2908 risltt
279 2873 312 2909 aar
325 2856 427 2926 Speyer
441 2853 507 2908 oder
518 2852 674 2921 andoengr'g
690 2850 846 2919 gemoedte,
864 2851 922 2904 und
938 2855 1008 2906 nond
1056 2851 1155 2906 wieder
1168 2852 1299 2922 gefollern
1317 2853 1513 2922 cortracum
1529 2860 1702 2928 otesggeltoien
1718 2877 1768 2919 ete.
1785 2867 1873 2924 nimi.

197 2939 233 2992 im
248 2949 438 2996 meones-ten
453 2934 870 2994 [tertianardwebendeducltett
882 2952 939 2989 von
956 2938 1011 2992 dor
1058 2949 1116 2984 rum
1136 2937 1280 2990 neccssaria
1299 2935 1352 2989 luit
1370 2939 1436 2994 ltseo
1453 2941 1600 2996 annullatio
1617 2943 1775 3013 dignitatum
1802 2969 1867 3006 nou.

194 3025 367 3081 odundnon
387 3027 499 3080 Unsern
512 3023 609 3078 liciclts
619 3019 772 3090 Hoffilintlr
786 3019 1008 3090 niclttgefitlert,
1057 3015 1120 3070 dum
1141 3019 1217 3088 plene
1235 3036 1439 3088 concessarum,
1469 3042 1527 3078 cnm
1554 3037 1619 3080 teste
1646 3030 1671 3081 b.
1699 3031 1743 3085 dn.
1767 3035 1870 3092 Mauris.

193 3112 266 3164 nacla
277 3127 338 3162 von
354 3112 412 3164 Uns
429 3104 611 3176 oaffgeltoben
624 3143 633 3170 ‚
647 3105 706 3158 und
723 3105 843 3176 dugegen
860 3105 1008 3170 indibiret.
1058 3113 1156 3156 annot.
1177 3101 1216 3155 ad
1239 3103 1321 3171 cupit·
1338 3104 1453 3174 leopold.
1476 3107 1503 3159 Ιι.
1523 3119 1575 3162 ort.
1596 3113 1717 3164 nonnulli
1737 3132 1815 3172 norae
1834 3121 1873 3174 di·

193 3194 383 3247 odersonsten
397 3189 572 3262 erstanden
588 3188 674 3244 Weise
687 3187 846 3253 rescritiren
865 3191 935 3244 nacla
954 3209 1009 3246 roos
1056 3185 1166 3256 tulisti·
1187 3188 1274 3251 titulo,
1293 3189 1333 3242 vel
1352 3191 1494 3260 privilegio
1511 3192 1631 3258 obtento.
1650 3213 1703 3250 oon
1721 3201 1822 3255 catenat
1835 3205 1875 3258 di-

195 3277 315 3346 dugegen
330 3290 540 3344 norgenontnren
555 3272 616 3335 ,tals
628 3272 687 3325 null
698 3271 756 3326 und
765 3267 933 3341 unkrefftig
948 3289 1009 3326 eom
1058 3267 1175 3338 plumata
1198 3285 1231 3323 ex
1249 3273 1407 3327 cancellaria
1427 3275 1572 3342 redimere,
1591 3279 1769 3336 nihilominus
1786 3295 1872 3344 tameo

198 3358 472 3412 Cannar-Geretae
493 3357 619 3426 geltoltsn
645 3364 692 3409 etc.
720 3351 797 3422 Quod
815 3364 898 3405 tannen
917 3355 1010 3410 merito
1060 3352 1164 3406 titulum
1184 3355 1260 3408 istirn
1278 3356 1441 3426 dignitatis,
1461 3367 1505 3411 aut
1529 3359 1697 3430 privilegium
1725 3383 1872 3438 usurpare,

192 3443 366 3496 limitandum
386 3439 511 3493 existimo
524 3475 533 3503 ‚
546 3439 599 3492 nisi
618 3437 662 3490 illa
681 3438 796 3494 naoostio
816 3433 865 3490 fiat
881 3455 1009 3491 consensu
1059 3436 1139 3488 Unde
1158 3437 1300 3493 interulis
1320 3439 1625 3511 intrintilianum.
1648 3449 1769 3515 querelas
1794 3451 1871 3506 insti-

194 3534 309 3578 statuum
324 3528 388 3594 imp.
399 3525 527 3592 jutietun
539 3525 612 3578 enim
627 3525 755 3576 camerate
768 3540 821 3576 noo
841 3544 855 3577 a
875 3523 930 3576 solo
943 3521 1006 3578 Cae·
1059 3529 1175 3582 ttnffltflr.
1186 3523 1254 3591 quod
1274 3525 1331 3575 tiu
1349 3533 1376 3576 et
1393 3526 1457 3578 inde
1474 3529 1657 3596 provenientes
1678 3533 1798 3587 redditus
1811 3557 1868 3592 can·

194 3624 269 3674 aare,
282 3609 328 3660 sed
340 3607 465 3660 omnibns
479 3605 592 3660 statibus
605 3605 745 3676 dependet.
1058 3604 1180 3657 cellariae
1198 3605 1345 3676 imperialis
1360 3607 1427 3661 'atico
1446 3609 1583 3664 imminntt
1603 3613 1655 3668 sint
1666 3635 1695 3670 se
1706 3617 1871 3678 decreverint

230 3698 252 3754 t.
271 3691 322 3743 27:
336 3693 406 3744 later
425 3701 554 3750 reservata
574 3691 763 3761 imperatoria,
787 3691 883 3761 quibos
908 3693 1009 3745 eminet
1058 3701 1086 3743 nt
1099 3689 1142 3743 aix
1163 3691 1297 3760 stipendio
1316 3695 1447 3750 ministris
1463 3701 1636 3757 cancellariae
1654 3705 1777 3762 solrentlo
1796 3708 1873 3764 suili-

193 3775 341 3844 imperstor
358 3774 386 3826 in
405 3775 539 3846 iperio,
561 3775 626 3828 illud
645 3791 676 3828 ex
697 3776 845 3844 praecipuis
868 3773 925 3828 lere
952 3786 1008 3839 cst,
1060 3774 1142 3826 dant.
1155 3776 1381 3832 mentitionem

192 3859 262 3928 quod
284 3859 317 3911 tit
337 3855 395 3911 ioos
411 3860 531 3912 omnium
551 3857 728 3928 dignitatum,
748 3869 928 3930 potestateque
951 3879 1009 3929 gau·
1097 3855 1122 3926 ,i-
1134 3859 1177 3910 ²9.
1199 3861 1283 3930 itque
1301 3863 1364 3916 haec
1382 3873 1464 3931 sunt,
1481 3884 1546 3938 qnae
1564 3865 1642 3921 nobis
1659 3873 1785 3928 articulos
1809 3879 1871 3934 illos

193 3943 266 4007 dent,
286 3942 383 4007 doces,
401 3945 530 4008 nomime,
549 3941 659 3996 beroam
677 3954 704 3996 et
716 3943 780 3995 alias
794 3944 910 3998 titulatas
922 3945 1006 4015 ‹ligui-
1056 3940 1274 4010 opitulationum
1289 3946 1505 4013 novissimarum,
1518 3948 1614 4020 unibus
1625 3953 1738 4008 clausula
1756 3963 1871 4016 annulla-

193 4035 262 4080 tstes
283 4025 416 4094 largiendi
436 4029 483 4080 dn.
506 4027 660 4082 schwoler.
677 4025 734 4100 jur.
752 4027 826 4094 publ.
844 4039 919 4095 port.
938 4049 1005 4098 spec.
1061 4025 1127 4077 toria
1141 4023 1300 4092 adjectsest.
1314 4028 1503 4084 meditantibus
1517 4033 1544 4086 in
1560 4045 1676 4089 mentem
1689 4055 1825 4098 venerunt.
1838 4045 1870 4098 Ε.

193 4123 256 4164 sect.
269 4116 296 4162 t.
315 4131 338 4166 e.
350 4115 377 4166 7.
388 4111 483 4182 tnyter.
495 4111 640 4181 φιλοὺς.-
652 4129 714 4185 cop.
733 4113 759 4164 t.
775 4128 847 4183 sequ·
867 4113 1008 4169 limnaeus
1055 4109 1163 4178 ‘titillent
1175 4113 1327 4181 potuissent
1340 4113 1386 4166 illc
1399 4115 1504 4185 plenius
1516 4119 1616 4188 uenti,
1628 4122 1651 4173 si
1665 4139 1717 4176 oon
1730 4129 1780 4192 iata
1794 4129 1870 4185 labos

187 4194 247 4268 1'trr.
258 4195 332 4267 publ.
347 4195 392 4248 lid.
407 4195 432 4248 2
445 4213 470 4250 e.
480 4197 505 4248 t.
521 4213 548 4248 ιι.
563 4195 606 4247 2³.
626 4197 735 4250 Praeter
751 4197 816 4250 alias
834 4213 895 4251 rero
912 4201 1008 4252 cautio·
1062 4195 1112 4251 sub
1125 4198 1246 4254 inanibus
1259 4197 1404 4266 crevisset3
1417 4212 1445 4254 nt
1458 4201 1511 4256 nisi
1522 4205 1603 4256 etiam
1623 4202 1772 4262 difficultas
1789 4223 1869 4268 mate-

192 4296 240 4332 ner
260 4280 411 4350 imperatori
431 4275 620 4341 obmrrrodas,
639 4279 688 4331 hoe
705 4297 766 4333 nasu
784 4292 810 4334 et
826 4281 872 4334 illa
896 4284 1005 4354 capitul.
1058 4281 1111 4334 rinc
1123 4281 1217 4349 pedem
1232 4277 1313 4352 figere
1328 4283 1489 4347 jussisset.l
1512 4287 1592 4340 terim
1605 4288 1628 4340 si
1641 4290 1738 4346 alicubi
1753 4313 1807 4348 rent
1820 4315 1867 4352 aaa

190 4361 306 4429 leopold.
331 4373 382 4416 ort.
395 4361 437 4414 ll·
458 4364 574 4428 inserts,
596 4363 664 4433 qttod
683 4363 827 4433 diplomata
844 4364 1005 4434 dignitatum
1058 4381 1110 4418 non
1121 4364 1214 4434 tetigt,
1226 4365 1329 4420 reniam
1343 4366 1418 4421 dabit
1432 4368 1458 4420 b.
1469 4370 1488 4421 l·
1502 4383 1526 4424 et
1539 4371 1600 4436 illa,
1612 4391 1678 4443 quac
1688 4377 1793 4440 desunt.
1807 4383 1865 4450 ipse

192 4465 225 4504 er
244 4447 315 4502 oolla
334 4447 386 4499 alin
405 4447 557 4501 cancellaria
582 4463 606 4500 r.
624 4463 647 4500 o
678 4446 837 4511 bohemica,
860 4451 1004 4514 austriaca,
1057 4465 1105 4520 pro
1119 4449 1284 4524 benignitate
1294 4467 1338 4504 sna
1351 4453 1497 4523 supplebit.
1516 4453 1652 4512 Caeterum
1667 4460 1723 4515 lieo
1736 4464 1866 4520 itnmorta·

192 4551 271 4604 qnam
291 4531 426 4600 imperiali
444 4530 556 4584 debunt
574 4529 716 4598 expediri.
736 4529 816 4584 Serus
835 4547 898 4586 sero
913 4531 935 4583 si
949 4527 1006 4596 liat.
1053 4535 1073 4586 li
1086 4536 1183 4604 gratis·
1196 4553 1243 4604 rgo
1258 4535 1421 4589 humillimas
1434 4539 1595 4608 proticibus
1610 4549 1728 4614 corporis
1740 4562 1761 4602 et
1781 4553 1865 4604 animi

191 4619 280 4670 omnis
299 4615 345 4667 illa
364 4613 511 4684 diplomata
528 4616 696 4669 annullantur
714 4615 818 4672 serbis:
851 4616 908 4670 Wie
930 4617 1005 4672 donn
1057 4619 1178 4674 hactenns
1197 4619 1266 4671 milti
1285 4621 1314 4672 in
1332 4620 1480 4674 studiorum
1499 4624 1707 4682 academicorum
1727 4647 1804 4684 cursu
1823 4634 1865 4688 bc·

193 4697 292 4768 lirofft
301 4697 606 4770 diesesolledejenr‘gen
621 4697 789 4767 diplomata,
807 4716 838 4752 so
863 4701 912 4770 bey
931 4699 1007 4753 einer
1055 4701 1212 4772 oignissime
1231 4691 1424 4772 suppeditatis,
1449 4705 1490 4758 coi
1515 4717 1543 4761 st
1569 4725 1648 4778 porro
1675 4729 1736 4778 me,
1756 4731 1864 4786 meaque

192 4785 315 4846 cirtem,
329 4782 374 4835 als
392 4781 639 4851 Reicies-clanculey
656 4793 734 4836 anter
757 4784 863 4837 [Inserta
883 4783 1004 4853 Kayserl.
1054 4787 1141 4838 studia
1160 4783 1331 4840 commendo.

196 4869 265 4922 ruet
276 4866 336 4921 und
347 4865 484 4930 notamen,
496 4866 556 4919 Zeis
568 4865 724 4920 wedrender
739 4869 856 4921 Unrerer
868 4868 1004 4936 Kayserir'-

190 4957 256 5010 cten
266 4953 424 5026 Regierattg
433 4951 810 5022 sepedirrtdtiemt'tttttlltuttl
821 4953 1001 5025 niclttigreyer.
1330 4949 1353 5003 'l'
1373 4953 1393 5002 Δ
1411 4951 1436 5006 N
1455 4955 1477 5009 T
1495 4955 1518 5009 ll
1536 4957 1594 5040 Μ.ι

2068 269 2099 418 l
