4460 6176
369 207 425 262 *tt-t
913 181 1411 242 ntstttrtrtoxxv.
1894 174 1948 232 'm

302 309 328 356 ta
348 299 373 351 1.
387 301 445 352 ιο.
464 295 509 348 21.
522 313 554 350 ex
579 313 631 366 quo
655 289 786 363 seqnitur,
808 287 878 360 qnod
891 301 939 342 neo
952 283 1124 354 exceptiones
1181 297 1216 335 no
1234 284 1360 335 interesse
1374 279 1510 346 rideatur,
1534 284 1564 332 nt
1585 273 1687 338 selant,
1714 291 1765 343 qus
1790 269 1895 329 sarlone
1921 281 2001 328 testes

299 381 516 438 dilatorisesint
528 375 721 441 admittendae,
741 377 769 429 1.
787 375 872 429 Clem-
893 387 977 441 snepe.
996 367 1124 437 Qttsmris
1181 362 1370 432 deposuerint,
1391 380 1478 416 annon
1498 361 1550 415 sibi
1569 357 1798 423 contradixerint,
1822 370 1866 412 aut
1882 357 2000 412 uariare¹

302 469 375 520 enim
402 465 450 516 bae
475 465 649 534 exceptiones
674 469 773 530 partem
792 455 931 527 quamdam
961 451 1125 504 defensionis
1179 447 1252 511 rint,
1272 455 1319 500 aut
1337 447 1486 514 singulares
1506 446 1533 498 in
1553 461 1598 498 sua
1616 439 1915 512 depositisnefuerints
1936 449 2002 496 stis·

303 551 441 604 scrutinere
459 548 614 607 rideantur,
632 546 691 614 ipsa
712 553 798 595 tamen
817 557 867 594 nox
882 538 950 602 vsatis
964 535 1058 594 innuit,
1072 551 1125 585 nun
1183 549 1260 594 men,
1278 545 1337 584 cum
1358 531 1480 603 probatio
1498 545 1549 582 non
1569 525 1616 578 liat
1636 525 1724 596 parti,
1742 524 1788 578 sed
1812 524 1916 592 judici,
1933 523 2004 578 vit.

303 631 471 694 decidendae,
485 631 531 684 sed
550 626 711 681 differendae
728 625 785 677 litis
803 639 877 676 causa
901 622 963 675 tales
988 619 1125 686 exceptio·
1182 619 1247 670 Rec.
1259 617 1351 686 imper.
1363 616 1396 670 cle
1408 632 1484 668 enno
1500 613 1580 665 1180.
1594 609 1619 681 5.
1629 612 1673 663 st.
1688 625 1757 664 serr.
1768 611 1868 664 steeltet
1880 610 2003 664 moiren-

303 732 350 767 nes
369 713 478 782 opponi.
498 711 568 764 iiiuc
582 697 682 764 nullum
702 718 742 760 est
755 705 880 766 dubium,
899 705 985 756 eslere
1000 699 1126 752 commis·
1180 701 1260 755 theiis
1277 700 1296 753 1.
1309 701 1334 752 3.
1348 707 1371 762 ι.
1384 702 1409 752 1.
1414 697 1456 766 ff.
1469 698 1503 750 de
1521 706 1579 748 test.
1591 693 1683 746 nient.
1694 709 1724 758 p.
1738 693 1764 745 3.
1775 691 1832 746 dee.
1853 692 1881 743 8.
1902 709 1932 744 ιι.
1958 692 2003 744 11.

306 798 409 850 sionem
425 795 573 866 principis,
599 803 628 844 ut
647 789 759 844 remotis
779 787 904 841 omnibus
925 782 1127 854 exceptionibus
1181 785 1227 839 bio
1245 785 1304 855 ipse
1323 785 1490 855 perpendere
1509 791 1624 852 potestte
1642 784 1769 848 quwlm
1793 771 1859 830 fiiri
1886 774 1999 830 Militi·

305 879 440 934 dilatoriis
453 895 513 931 mox
528 879 557 929 in
570 891 646 930 causa
659 873 805 946 principali
821 873 994 942 peucedanum
1008 870 1057 922 buc
1068 868 1128 936 ipso
1181 867 1242 936 bis,
1260 885 1402 939 eorumque
1422 865 1584 922 testimoniis
1602 863 1753 917 babendum
1772 860 1823 924 sit,
1848 862 1919 928 juxta
1939 877 1999 913 mo-

306 965 377 1016 euim
398 962 608 1030 justitiacausae
625 975 678 1012 non
697 955 1127 1026 infringitur,setlpromovetur,
1182 955 1270 1008 nilum
1288 954 1391 1034 Jciiuin
1410 953 1438 1005 1.
1455 951 1475 1006 is
1494 949 1569 1020 11.,θί
1588 945 1691 1002 detest.
1708 945 1817 999 Otintse
1841 945 1915 998 enim
1941 946 1998 1016 pls·

306 1055 334 1098 et
347 1045 448 1098 malitia
467 1061 583 1110 reorum,
597 1042 642 1111 qui
667 1041 765 1092 talibus
785 1036 957 1107 subterfugiis
979 1051 1065 1088 musas
1082 1051 1128 1086 ne·
1182 1057 1291 1108 rumque
1310 1048 1373 1092 aaut
1391 1039 1452 1090 ιιι..
1470 1033 1669 1104 disputationes
1686 1045 1764 1100 saper
1783 1027 1893 1081 testium
1919 1027 1999 1098 depo.

306 1139 393 1191 clunis
407 1145 440 1182 ιιι
460 1127 621 1196 iustissime
633 1125 726 1178 uelocis
744 1123 872 1193 petitioni
886 1137 946 1174 mox
969 1119 1129 1189 respondere
1182 1122 1341 1186 titionibus,
1360 1121 1383 1174 si
1403 1121 1475 1174 enim
1494 1120 1596 1176 rotulus
1613 1115 1664 1170 boe
1679 1113 1776 1169 ordine
1800 1110 1930 1166 formatus
1948 1115 2006 1184 sit,

306 1223 464 1277 teneantur,
488 1210 650 1266 retunditur·
670 1207 736 1261 111
755 1208 826 1262 οιι1.
847 1207 932 1261 inach.
958 1205 998 1258 iit.
1019 1221 1043 1258 ο.
1061 1221 1128 1258 eort-
1182 1205 1262 1262 sicuti
1282 1209 1355 1274 juxta
1372 1219 1466 1260 secere.
1479 1199 1655 1270 impendes.
1674 1199 1758 1253 tert.
1777 1195 1887 1250 formari
1906 1196 2007 1266 debet,

307 1298 377 1351 elus.
398 1297 458 1348 300.
478 1314 507 1350 n.
527 1296 552 1346 3.
570 1307 642 1362 seqq.
1182 1291 1218 1344 ita
1236 1302 1265 1345 ut
1283 1292 1331 1344 sub
1349 1291 1440 1360 quotis
1457 1287 1565 1342 articulo
1583 1288 1702 1340 omnium
1722 1284 1831 1339 testium
1854 1279 2006 1352 depositio·

344 1386 365 1442 ς.
384 1379 429 1432 20.
445 1378 483 1447 (d)
501 1377 560 1430 Nou
580 1375 686 1445 quidem
716 1373 834 1428 excludit
863 1372 978 1425 clausula
1009 1370 1128 1442 superior
1182 1390 1228 1426 nes
1246 1372 1412 1436 scribantur,
1431 1388 1492 1425 mox
1510 1370 1591 1440 judici
1612 1369 1639 1424 iu
1656 1370 1749 1422 oeulos
1768 1365 2002 1429 incurrebauhin

308 1461 479 1532 probationes
493 1458 675 1523 necessarias,
691 1459 791 1528 quippe
803 1455 836 1510 de
858 1455 921 1508 fanti
947 1455 1052 1508 veritate
1072 1456 1130 1508 sine
1181 1453 1412 1512 aetrtte'aetteotoa
1430 1451 1715 1524 probatnssitselnun,
1731 1457 1762 1503 nt
1774 1448 1837 1501 binc
1849 1465 1881 1503 ex
1893 1448 2005 1504 aduoca-

308 1545 364 1596 iliis
385 1557 506 1596 constare
525 1543 628 1611 nequit,
646 1539 672 1596 1.
684 1544 767 1598 Clam.
782 1559 870 1612 saepe.
886 1539 1005 1592 Attamen
1021 1540 1128 1593 testium
1182 1549 1269 1596 torum
1278 1537 1481 1592 deductionibus
1489 1537 1681 1591 hoesddiscere
1688 1551 1824 1588 necessum
1837 1551 1891 1588 non
1902 1533 2006 1590 babeat.

311 1625 519 1690 multitudinem,
532 1625 640 1697 quaein
653 1642 776 1695 processu
788 1625 925 1679 ordinario
938 1623 1040 1676 admitti
1054 1624 1128 1688 solet,
1219 1631 1240 1686 ς.
1261 1626 1306 1676 31.
1323 1622 1363 1692 (8)
1383 1626 1466 1676 Porro
1483 1619 1516 1672 ad
1533 1618 1692 1692 probandam
1711 1615 1778 1671 facti
1790 1616 1930 1672 ueritatem
1945 1633 2006 1687 pea-

310 1709 357 1764 bie
371 1709 555 1764 refrenandam
572 1725 638 1776 esse,
657 1711 725 1766 dicit
747 1711 869 1764 Clemens
897 1705 1025 1777 pontifex.
1052 1708 1130 1760 inra-
1182 1709 1266 1762 mittit
1282 1706 1401 1778 pontifex
1421 1707 1450 1758 iu
1474 1706 1556 1760 Cleua.
1573 1721 1670 1772 saepe,
1690 1711 1720 1754 ur
1737 1701 1822 1772 possit
1843 1698 1922 1768 judex
1939 1717 2004 1754 mox

310 1804 427 1846 mentum
441 1809 500 1848 sero
512 1793 568 1844 illis
583 1792 682 1847 remitti
697 1810 791 1862 posse,
818 1808 872 1843 non
891 1806 992 1852 censeo,
1010 1788 1130 1858 quamsit
1182 1791 1288 1860 exigere
1304 1792 1393 1844 omnia
1412 1800 1465 1845 acta
1481 1825 1489 1856 ,
1505 1799 1532 1844 et
1551 1805 1643 1842 canem
1662 1787 1838 1852 munimenta,
1864 1785 1921 1838 scil,
1939 1785 2003 1850 itta,

309 1875 360 1929 boc
375 1877 439 1930 uelit
457 1874 527 1927 Cels.
540 1873 726 1942 llupnliissut.
738 1885 772 1926 tr.
785 1872 818 1925 de
836 1870 946 1926 alumni.
966 1869 1088 1939 rescript.
1103 1885 1130 1934 p.
1182 1874 1280 1945 quibus
1304 1874 1477 1928 intentionem
1504 1883 1577 1926 actor
1602 1883 1627 1926 et
1651 1869 1834 1940 exceptionem
1852 1884 1926 1921 snam
1945 1882 2005 1923 tent

311 1957 375 2012 itt.
387 1957 455 2030 qtmd
470 1957 574 2010 scilicet
598 1957 622 2009 ri
639 1959 715 2026 hujus
728 1955 857 2010 clausulae
879 1952 1001 2006 credatur
1024 1952 1131 2006 testibus
1184 1959 1296 2030 probare
1314 1959 1419 2012 nititur.
1440 1961 1500 2029 Quo
1517 1953 1572 2010 fine
1591 1959 1664 2010 enim
1689 1956 1734 2008 bic
1758 1953 1956 2025 expectabitur,
1973 1961 2004 2008 ιι

311 2043 392 2097 etiam
408 2059 459 2094 nou
473 2040 577 2109 juratis.
590 2041 657 2094 Utut
670 2042 742 2093 enim
757 2041 807 2092 snb
833 2037 1011 2090 Constantino
1035 2040 1131 2108 imper.
1185 2042 1327 2111 praecedat
1343 2041 1479 2095 decretum
1493 2043 1573 2094 amori
1584 2041 1840 2096 demonstrsriouem
1851 2039 2002 2108 injungens,

309 2131 488 2197 juramentum
502 2125 622 2192 testium,
634 2126 702 2196 quod
714 2127 771 2193 jure
783 2123 812 2176 11.
827 2122 1131 2192 ignorabatur,demura
1184 2135 1212 2179 et
1229 2134 1318 2195 postea
1337 2123 1442 2177 demum
1469 2127 1661 2178 intraneorum
1689 2126 1833 2178 immissum
1863 2121 2004 2192 productio

310 2207 490 2262 introductum
504 2211 555 2277 sit,
570 2221 706 2279 pnstqnam
720 2225 781 2261 sero
793 2207 895 2273 legibus
907 2205 1014 2276 imperii
1027 2208 1130 2260 unirer·
1185 2207 1398 2261 documentorum
1416 2205 1480 2273 fiat,
1497 2207 1567 2278 quod
1587 2226 1639 2261 non
1659 2208 1712 2260 nisi
1731 2207 1763 2260 arl
1783 2205 1961 2276 protelandam
1974 2208 2004 2260 li·

313 2291 425 2354 salibus,
437 2302 465 2344 et
485 2295 618 2346 consuetis
633 2292 714 2345 totius
728 2291 846 2361 Europae
858 2289 975 2343 muribus
987 2299 1132 2360 receptum,
1185 2301 1238 2345 tem
1258 2291 1383 2357 pertinere
1404 2291 1473 2342 unde
1491 2291 1690 2344 commissarius
1708 2291 1851 2361 principis,
1862 2292 1903 2344 cui
1917 2293 1949 2344 acl
1964 2311 2007 2347 so·

311 2383 341 2428 ιιι
354 2375 413 2428 testi
429 2375 544 2443 injurato
559 2392 610 2430 non
624 2375 756 2440 credatur,
768 2382 796 2428 et
811 2374 933 2426 homines
946 2372 1072 2426 hactenus
1086 2374 1133 2426 ltac
1184 2375 1237 2428 lam
1256 2372 1319 2426 iacti
1339 2376 1475 2429 ceritatem
1494 2373 1688 2444 respiciendum
1707 2384 1762 2438 est,
1782 2389 1843 2426 mox
1863 2375 2001 2445 injungere

312 2457 482 2527 persuasione
495 2473 616 2528 peruersa
630 2456 862 2527 fascinati,quasi
881 2455 975 2509 falsum
990 2457 1079 2510 dicere
1098 2458 1134 2510 ci·
1185 2465 1270 2528 potest
1288 2457 1422 2527 partibus,
1440 2465 1486 2520 ut,
1505 2457 1550 2509 nbi
1569 2458 1738 2510 summat-iam
1758 2473 1849 2509 musae
1875 2459 2005 2512 narratio·

312 2547 353 2592 tra
366 2542 559 2607 jurameutum,
583 2541 666 2594 letius
689 2540 823 2612 qttoddam
846 2553 979 2610 peccattnn
995 2540 1133 2606 insultat,
1187 2559 1249 2596 nem
1266 2552 1293 2596 et
1311 2541 1349 2594 rei
1370 2541 1569 2610 responsionem
1588 2541 1697 2605 audiuit,
1711 2539 1889 2608 nunmuisqne
1901 2557 2005 2608 eornm,

313 2641 372 2674 cum
387 2635 472 2677 tamen
485 2626 557 2678 Deus
572 2627 683 2695 quodvis
702 2624 867 2678 mendacium
888 2625 994 2695 puniat,
1009 2625 1072 2678 iude
1089 2627 1134 2680 rix
1186 2623 1231 2691 qui
1252 2641 1304 2676 non
1322 2623 1354 2676 ad
1376 2634 1461 2685 testes,
1480 2622 1526 2676 sed
1545 2623 1579 2676 ad
1599 2623 1755 2675 documenta
1774 2622 2006 2692 proconsularem

314 2706 504 2772 asserendum,
529 2709 614 2761 tulere
633 2708 849 2762 commissionem
870 2705 1013 2776 principis,
1031 2719 1057 2760 nt
1075 2708 1134 2760 siue
1188 2717 1212 2760 et
1230 2706 1407 2760 instrumenta
1425 2723 1470 2758 sna
1490 2705 1562 2758 breui
1581 2707 1696 2775 quodam
1717 2705 1832 2759 terminu
1858 2705 2004 2774 producat,

313 2790 463 2856 juramento
482 2801 561 2848 testes
574 2791 768 2856 examinentur,
781 2801 806 2843 et
820 2792 862 2842 bis
876 2785 943 2840 fides
957 2787 1134 2852 adhibeatur,
1187 2808 1238 2860 quo
1257 2789 1319 2842 inde
1337 2789 1396 2844 faeti
1416 2789 1510 2842 recitas
1527 2788 1586 2842 sine
1604 2789 1757 2860 ambagibus
1775 2789 1906 2844 eliciatur·
1932 2790 2005 2860 Quid

314 2887 374 2922 carru
388 2872 421 2924 de
433 2871 492 2926 faeti
507 2874 618 2926 ueritate
633 2875 660 2926 in
675 2885 797 2945 corrupto
810 2873 949 2926 bominum
969 2883 1037 2926 statu
1049 2890 1081 2925 ex
1102 2885 1135 2928 te·
1186 2875 1259 2928 enim
1278 2875 1413 2938 obstaret,
1431 2889 1482 2941 qno
1502 2871 1589 2926 minus
1608 2872 1753 2942 litigantes,
1765 2874 1828 2926 dum
1843 2874 2006 2927 instromen-

315 2955 402 3008 stibus
421 2956 545 3024 injunctis
558 2967 762 3011 certocoustare
779 2968 899 3027 nequeat.
912 2958 1023 3011 Interim
1037 2959 1064 3010 iu
1077 2975 1135 3030 pos·
1188 2969 1211 3012 ta
1228 2956 1380 3027 producunt,
1400 2956 1480 3007 sititul
1498 2955 1650 3020 ostendant,
1670 2957 1698 3010 in
1716 2957 1814 3028 quibus
1832 2955 2007 3014 instrumenti

315 3041 427 3094 sensorio
446 3052 630 3094 momentaneo
648 3040 683 3094 nb
702 3043 845 3095 utilitatem
865 3041 1022 3111 publicum,
1053 3053 1080 3096 et
1102 3061 1135 3106 na
1191 3043 1276 3098 serbis
1294 3042 1468 3096 intentionem
1493 3039 1534 3093 rel
1558 3042 1741 3110 exceptionem
1766 3057 1841 3094 susm
1868 3041 2006 3098 tundnau

313 3133 405 3192 partes
415 3124 448 3176 ad
460 3139 531 3176 arma
544 3127 656 3186 veniunt,
675 3125 843 3194 probationes
857 3126 945 3177 miuus
972 3127 1063 3196 plenae
1088 3127 1134 3180 atl-
1187 3144 1245 3180 esse
1262 3125 1377 3179 ruerunt.
1402 3183 1406 3202 Ι

316 3205 471 3272 mittuntur,
490 3209 555 3262 adeo
577 3217 605 3260 ut
629 3209 706 3261 etiarn
721 3207 830 3261 testibus
855 3209 980 3276 injunctis
1005 3209 1135 3264 credatur.
1223 3208 1246 3282 §.
1266 3210 1309 3262 32.
1329 3211 1387 3260 true
1405 3209 1481 3263 etiam
1500 3209 1541 3278 (pl
1559 3226 1608 3278 pro
1626 3206 1739 3264 faciliori
1759 3209 1926 3280 indagatione
1936 3208 2008 3263 seri·

316 3286 409 3360 Carpe.
421 3309 498 3358 proc.
511 3294 551 3344 tt't.
565 3291 610 3342 23.
624 3300 676 3344 uri.
692 3293 718 3343 1.
730 3309 758 3345 rt.
770 3293 814 3342 36.
828 3291 908 3358 Cujus
923 3293 988 3345 bace
1000 3293 1066 3346 ratio
1085 3303 1135 3359 esi,

314 3373 376 3440 quia
389 3373 434 3426 bie
448 3373 582 3426 decretum
596 3375 689 3428 saltem
708 3373 794 3429 fertur
808 3375 842 3428 ad
855 3376 976 3441 interim,
990 3377 1058 3428 salsa
1072 3379 1136 3430 ulte·

313 3455 379 3509 riori
394 3455 463 3524 juris
477 3456 656 3524 discussione,
680 3459 736 3512 sire
762 3459 789 3509 iu
815 3460 976 3527 possessorio
998 3459 1136 3514 ordinario

312 3539 369 3590 sire
383 3539 516 3608 petitorio,
536 3541 642 3604 utbiuc
658 3540 717 3594 facti
749 3541 845 3595 recitas
867 3543 952 3594 adbuc
977 3543 1135 3613 inquirenda

318 3631 409 3688 restet,
424 3639 471 3674 nec
484 3641 531 3692 per
543 3626 700 3676 senteutiam
715 3626 744 3676 in
768 3625 990 3681 summariissimo
1002 3629 1080 3680 latam
1093 3628 1135 3679 di·

320 3721 407 3756 suussa
422 3707 466 3758 sit.
480 3708 552 3758 ilinc
563 3707 640 3762 etiarn
658 3709 686 3759 iu
700 3707 757 3759 foro
770 3708 893 3762 saxonico
909 3719 1011 3764 certum
1030 3721 1091 3774 est,
1111 3713 1134 3764 si

317 3787 398 3839 acturi
412 3789 440 3839 in
454 3805 575 3858 processu
589 3790 730 3843 summario
744 3789 860 3858 injuncta
879 3791 914 3845 sit
923 3789 967 3844 die
979 3792 1134 3849 Besefteint'·

316 3885 410 3938 flung,
436 3885 488 3922 non
513 3880 653 3940 eapropter
675 3871 925 3926 admittendosesse
938 3884 1017 3928 testes
1037 3876 1136 3942 injura-

319 3962 369 4014 tos,
384 3949 429 4003 sed
444 3951 503 4005 iilos
517 3969 594 4022 snper
607 3954 704 4006 oblatis
717 3955 840 4007 articulis
853 3955 918 4008 tiber
929 3954 973 4008 die
982 3955 1135 4012 Betcfteint'·

319 4037 524 4106 punge-Asticul
537 4037 637 4107 puriter
648 4038 837 4090 examinandos
849 4055 915 4102 esse,
926 4039 1002 4092 sicuti
1014 4040 1080 4092 alias
1091 4057 1135 4094 su·

317 4135 367 4190 per
378 4120 498 4172 articulis
513 4120 689 4188 probatoriis.
702 4121 812 4174 iuterim
830 4121 879 4174 boe
893 4125 1064 4190 praecipuum
1075 4124 1140 4175 assi·

317 4212 400 4272 puncti
418 4199 467 4255 der
484 4201 714 4273 Beseiteint'gnng,
734 4203 803 4272 quod
821 4203 854 4255 ad
877 4207 1020 4260 terminum
1041 4208 1135 4274 probu-

314 4286 415 4342 turinm
429 4286 552 4338 adstricta
572 4303 625 4338 uon
645 4289 697 4351 sit,
717 4286 843 4355 Carpzor.
862 4305 938 4355 proc.
950 4287 990 4339 tis.
1015 4290 1057 4341 13.
1082 4299 1134 4341 art.

313 4369 340 4423 2.
360 4387 387 4423 ιι.
414 4369 475 4422 191.
493 4367 561 4438 quod
580 4382 663 4423 tamen
684 4369 780 4422 ilerum
800 4369 882 4435 fallit,
903 4372 927 4422 ti
946 4371 1008 4423 huic
1033 4372 1137 4426 demun·

315 4452 439 4508 strutioui
459 4452 487 4504 in
506 4453 634 4506 sententia
656 4463 743 4506 certus
762 4454 892 4506 terminus
910 4454 946 4507 sit
965 4453 1136 4524 praefinitus,

1189 3291 1252 3344 tatis
1271 3289 1333 3343 faeti
1353 3289 1467 3344 refertur
1485 3292 1597 3346 liberius
1608 3292 1811 3359 interrogandi,
1824 3311 1902 3362 ιιιιιιιι
1921 3291 2009 3363 ponti·

1189 3371 1233 3426 fex
1251 3371 1336 3440 judici
1355 3371 1484 3438 indulsit,
1503 3384 1533 3426 nt
1550 3375 1607 3428 sire
1624 3385 1708 3445 partes
1726 3375 1778 3429 boc
1803 3383 1932 3444 ougast,
1950 3377 2006 3430 sisa

1186 3456 1266 3523 judex
1286 3455 1335 3509 boo
1355 3472 1404 3524 pru
1423 3457 1529 3509 ueritate
1548 3456 1692 3526 indagandi
1719 3456 1867 3510 consultans
1893 3473 1950 3512 esse
1968 3458 2008 3512 ti·
2033 3479 2037 3496 ·

1187 3537 1265 3601 deut,
1279 3539 1410 3607 litigantes
1428 3557 1461 3592 ex
1472 3536 1564 3594 officio
1582 3541 1737 3609 interroget.
1753 3539 1816 3594 vit.
1834 3539 1958 3594 tremet.
1972 3539 2007 3594 tls

1186 3641 1212 3674 u.
1227 3621 1248 3691 p'.
1268 3641 1293 3692 p.
1312 3623 1357 3676 lib.
1375 3623 1401 3677 2,
1420 3641 1476 3678 cns.
1495 3623 1540 3676 itt.
1559 3642 1587 3677 n.
1608 3624 1651 3676 10.
1670 3625 1790 3677 Mutant.
1805 3642 1834 3692 p.
1853 3623 1880 3676 1.
1902 3623 1964 3678 dist.
1977 3626 2002 3677 fi.

1188 3725 1214 3760 n.
1234 3706 1282 3760 28.
1298 3708 1343 3776 qui
1363 3709 1429 3761 bane
1446 3707 1627 3762 differentiam
1648 3708 1716 3762 inter
1734 3725 1881 3778 processum
1895 3724 2006 3762 summa·

1188 3791 1259 3843 rium
1278 3803 1302 3844 et
1319 3791 1486 3845 ordinarium
1505 3793 1555 3844 boo
1572 3807 1648 3861 passu
1667 3791 1823 3853 constituit,
1837 3800 1865 3843 nt
1883 3790 1962 3858 judex
1977 3792 2006 3844 in

1188 3875 1237 3928 buu
1255 3875 1415 3944 interrogare
1434 3875 1518 3947 possit
1530 3877 1610 3928 etiam
1622 3883 1679 3944 post
1691 3875 1882 3926 conclusionem
1904 3873 1931 3924 iu
1944 3889 2005 3924 tau·

1189 3975 1233 4025 see
1251 3968 1291 4012 ιιι
1303 3968 1402 4014 unium
1421 3976 1454 4011 ex
1467 3955 1559 4010 ofbsio
1572 3975 1620 4029 pro
1633 3957 1810 4009 declaratione
1822 3957 2008 4026 anteactorum,

1189 4060 1278 4097 terum
1297 4059 1349 4096 nou
1368 4042 1401 4094 aul
1428 4044 1582 4096 instantiam
1610 4041 1707 4109 pertiae
1732 4037 1813 4104 iudici
1843 4040 1917 4090 enirn
1943 4056 2007 4092 nun-

1189 4145 1268 4196 quam
1288 4126 1467 4180 coarchiditne.
1486 4125 1557 4178 Gaii.
1575 4123 1623 4176 tit.
1637 4127 1660 4172 1.
1674 4121 1731 4174 obs.
1745 4122 1807 4174 101.
1822 4138 1851 4173 ι.
1876 4121 1901 4171 11.
1920 4135 2007 4189 pastas

1189 4227 1250 4262 aero
1268 4225 1315 4278 per
1333 4207 1526 4262 conclusionem
1546 4207 1782 4270 coustringuntur,
1802 4219 1835 4255 ne
1855 4206 2009 4272 regulariter

1188 4291 1328 4361 quicquam
1346 4291 1407 4347 noti
1426 4288 1584 4360 producere,
1609 4297 1638 4340 et
1661 4287 1725 4340 binc
1745 4303 1793 4338 nee
1817 4305 1830 4338 a
1850 4285 1953 4351 iudice,
1972 4297 2002 4340 ut

1190 4391 1269 4444 super
1284 4375 1364 4428 certis
1383 4373 1484 4444 punctis
1509 4369 1597 4424 adbuc
1622 4369 1801 4437 interrogetur
1822 4369 2004 4436 ailrersarius,

1188 4459 1296 4528 exigere
1313 4464 1432 4528 possunt.
1450 4453 1515 4508 rit.
1532 4455 1602 4505 Mer.
1621 4453 1644 4519 §.
1664 4455 1690 4506 ³.
1707 4454 1732 4506 d.
1748 4452 1810 4505 100.
1821 4451 2001 4509 Bruuneman.

253 4579 255 4594 .
315 4533 376 4588 dass
391 4535 1066 4611 KluegerbinnenSnecltsiscfterFrt'stdusjens'pe,
1080 4557 1137 4594 ntus
1187 4562 1266 4613 pron.
1292 4543 1361 4598 cr'st'i·
1380 4560 1440 4613 cop.
1458 4539 1502 4592 ts.
1521 4557 1550 4594 n.
1571 4541 1613 4590 10.
1631 4538 1676 4592 ubi
1695 4555 1757 4608 ergo
1779 4539 1812 4592 tle
1835 4539 1955 4608 simplici
1973 4554 2003 4590 en

313 4620 939 4690 3111115111ιιιόΙιιμιιιιιᾰιιιμαὸιιοιιιόἰμιι
953 4624 1136 4676 verbtendenu
1189 4631 1267 4698 plano
1285 4625 1451 4700 proceditur,
1477 4625 1589 4678 omniun
1615 4624 1695 4677 etism
1719 4640 1783 4693 pars
1799 4623 1913 4691 judicem
1938 4639 2001 4694 qno·

315 4723 382 4776 ses,
402 4706 440 4774 sic
459 4703 532 4756 enim
551 4707 660 4758 omnino
684 4705 807 4757 standum
832 4715 873 4759 est
893 4706 999 4758 tiecreto
1020 4707 1134 4774 iudicis,
1189 4727 1301 4780 eumque
1328 4720 1446 4778 ternpore
1472 4708 1617 4779 implorare
1641 4716 1752 4777 potest,
1780 4717 1810 4760 οι
1826 4705 2006 4762 adsessor-inm

314 4798 360 4843 aut
380 4787 474 4841 dilatio
495 4791 524 4839 in
545 4800 661 4856 ternpore
680 4787 797 4856 petenda.
811 4788 873 4840 vit.
888 4789 998 4842 ltlartiui
1013 4790 1136 4856 adproc.
1188 4794 1274 4848 adbuc
1293 4809 1369 4860 snper
1388 4810 1441 4846 nuo
1458 4793 1500 4847 sel
1517 4793 1601 4846 altero
1620 4799 1756 4844 momento
1778 4806 1869 4844 esnme
1895 4791 2006 4844 interro·

313 4871 420 4923 Snaon.
432 4873 472 4923 tit.
487 4871 531 4923 20.
543 4876 564 4933 t·
579 4869 602 4921 i·
620 4889 647 4923 ο.
660 4871 703 4922 tt.
716 4869 813 4922 uirum
826 4887 888 4938 ergo
901 4879 948 4934 est,
961 4887 1042 4940 quum
1055 4873 1135 4924 etium
1186 4886 1239 4946 get.
1253 4876 1324 4928 trine
1336 4875 1387 4930 buo
1405 4876 1472 4928 trahi
1487 4877 1589 4945 nequit.
1602 4870 1687 4941 Μ.
1700 4871 2006 4941 &interrogationibus

316 4953 432 5008 Saxones
452 4956 480 5007 iu
499 4969 622 5024 processu
640 4952 783 5006 summario
802 4951 944 5007 admittunt
976 4953 1134 5021 disputatio·
1186 4957 1216 5008 in
1228 4953 1463 5029 patefaciendis,
1480 4975 1559 5026 quoru
1578 4955 1754 5010 communiter
1767 4971 1815 5006 usu
1828 4953 1879 5006 fori
1892 4952 2000 5023 abroga-

316 5056 364 5092 ues
382 5055 460 5109 supet·
477 5037 625 5101 attestatis,
643 5039 718 5104 juxta
743 5033 870 5107 Carpant.
888 5035 918 5087 in
940 5053 1012 5101 proc.
1031 5037 1072 5090 tit.
1093 5039 1135 5090 tt.
1189 5051 1245 5094 tum
1264 5039 1442 5094 dicunctur.
1456 5041 1500 5094 1ο.
1522 5042 1645 5096 Tbomae.
1664 5051 1699 5092 tr.
1717 5039 1750 5092 de
1768 5057 1835 5093 usa.
1854 5038 1965 5092 animai.
1978 5055 2002 5092 c.

319 5133 373 5176 ort.
394 5125 420 5176 1.
439 5141 466 5174 n.
482 5122 526 5172 10.
539 5131 702 5189 cereptum
715 5129 803 5172 tamen
821 5121 876 5189 ipsi
890 5119 973 5189 judici
993 5121 1025 5174 de
1042 5138 1082 5189 eo,
1101 5140 1135 5174 au
1187 5125 1229 5178 12.
1248 5143 1277 5178 n.
1297 5123 1342 5176 21.
1361 5142 1422 5177 nam
1442 5123 1471 5176 in
1490 5123 1541 5176 isto
1560 5124 1638 5178 titulo
1655 5123 1738 5192 agitur
1751 5119 1785 5175 de
1802 5124 1905 5176 actione
1922 5122 2007 5176 exin·

314 5207 456 5278 probatum
471 5206 523 5270 sit,
535 5207 595 5260 sutis
608 5215 728 5259 oottstare
738 5205 831 5276 possit.
1188 5209 1364 5278 tempatione
1380 5207 1489 5262 alterins
1506 5207 1738 5276 acquirendaeilic
1748 5208 1837 5276 agitur
1848 5205 1880 5258 de
1899 5205 2009 5260 veritate

351 5301 372 5356 ι.
393 5294 438 5344 30.
457 5291 595 5343 Caeterum
614 5291 654 5360 (1)
673 5298 703 5341 ιιι
721 5288 750 5342 1ο
768 5287 899 5356 ejusmodi
927 5303 1048 5360 processu
1069 5285 1131 5342 facti
1185 5291 1331 5362 indaganda
1357 5309 1436 5361 super
1461 5289 1632 5358 aetioncjam
1651 5299 1740 5354 mota,
1758 5287 1860 5360 dequo
1883 5288 2007 5360 pluribus

314 5377 409 5432 teritus
428 5393 458 5428 eu
476 5373 580 5428 facilius
598 5373 736 5439 eliciatur,
754 5381 874 5426 asserunt
887 5369 932 5423 dd.
944 5371 1012 5441 quud
1026 5373 1132 5426 testium
1185 5376 1236 5432 uid,
1254 5375 1299 5428 dn.
1314 5373 1436 5446 praesint
1448 5391 1486 5430 ns.
1500 5375 1570 5428 mod.
1578 5372 1621 5443 ff.
1634 5375 1680 5428 nd·
1690 5374 1718 5426 1.
1735 5384 1754 5425 1.
1767 5380 1789 5436 ι.
1805 5373 1849 5426 11.

314 5461 496 5531 publicatione
515 5459 655 5528 nequitiam
675 5475 741 5528 opus
761 5459 805 5512 sit.
822 5459 955 5512 maraon.
971 5477 999 5528 p.
1027 5467 1050 5510 t.
1072 5459 1131 5512 dist.
1221 5468 1243 5525 ς.
1263 5462 1307 5514 33.
1328 5455 1630 5527 llucqnoqne(10)ad
1649 5455 1851 5526 promerendam
1871 5451 2007 5524 probatio·

316 5545 360 5600 20.
377 5563 401 5597 ο.
415 5545 458 5596 22.
481 5542 608 5614 Quattrsis
628 5542 699 5596 cuins
718 5542 836 5614 partium
854 5543 1017 5615 litigantium
1044 5546 1132 5598 omui·
1186 5565 1247 5604 nam
1267 5542 1490 5620 pertinet,quod
1508 5541 1621 5598 liberum
1642 5541 1779 5597 sitaetori
1800 5541 1857 5594 loeo
1883 5539 2005 5606 testium,
2096 5582 2098 5585 .
