4414 6188
399 233 454 292 tm
970 229 1163 296 otsruttt.
1181 233 1229 294 lv·
1246 231 1400 296 cstttrtt.
1929 237 1983 292 rot

348 345 467 400 rerum
484 347 647 398 sacrarum
664 325 821 407 cultores,
838 324 896 395 sed
912 325 953 394 ad
969 351 1104 416 omnes,
1121 329 1250 422 quibus
1262 329 1350 400 cordi
1367 353 1436 398 esra
1450 325 1549 399 debet
1575 339 1732 423 perpetue
1761 329 1848 399 ritae
1879 327 2031 398 felicitas.
2080 349 2082 354 ·

349 422 427 510 Qua
451 435 560 486 meute
576 417 726 484 imbutus
742 444 760 485 e
784 418 855 484 oda
874 416 985 484 mortis
1002 420 1032 486 ri
1050 443 1087 488 ac
1102 433 1261 514 potestate
1277 422 1312 486 in
1328 421 1483 489 humanis
1499 423 1655 512 nogotiis,
1667 421 1793 488 tametsi
1805 421 1912 488 sorum
1924 419 2031 510 respi-

349 509 542 590 cientibus,
557 509 699 574 masime
715 441 878 574 soliicitus
892 529 962 575 ero.
979 507 1138 600 Inprimis
1160 535 1235 578 oum
1254 533 1321 578 non
1337 511 1506 602 ignorem,
1531 509 1773 577 admonitionis
1799 511 1869 600 ejus
1893 508 2031 600 vestigia

350 598 520 692 quaedam
537 601 573 664 in
589 594 722 684 legibus
738 598 881 664 romanis
895 610 1016 665 estare.
1034 599 1090 666 Sic
1105 599 1191 666 baud
1207 600 1275 668 olet
1298 604 1479 682 sutrinam,
1503 599 1558 666 sed
1580 597 1822 690 Philosophiam
1845 599 2031 680 saniorem,

353 713 429 758 curn
448 685 590 756 Alfenus
606 685 715 752 Varus
737 685 775 752 in
790 685 814 752 l.
827 685 1091 780 proponebatur.
1110 687 1162 780 76.
1177 693 1213 757 in
1217 690 1287 782 fin.
1293 688 1339 780 ff
1355 687 1398 756 de
1411 685 1523 780 judic.
1546 689 1715 773 ostendit,
1743 689 1895 780 quotidie
1913 703 2032 780 partes

358 781 509 871 corporis
524 777 637 846 nostri
651 773 826 843 decedere.
843 777 947 844 Plane
960 777 1004 845 ad
1018 778 1162 846 Senem
1182 793 1327 846 suentem
1343 782 1381 845 in
1395 781 1493 866 epist.
1513 779 1564 865 πῄ.
1580 778 1767 845 scribentis:
1783 777 1933 868 quotidie
1958 802 2030 846 mo·

356 867 488 948 rimur,
503 865 653 958 quotidie
666 866 757 934 anim
771 861 922 934 demitur
935 867 1055 959 aliqua
1066 892 1156 959 pars
1170 869 1268 938 ritae.
1288 869 1334 936 Et
1349 867 1461 936 Julius
1477 865 1699 934 Pauluchtus
1711 865 1894 956 periculum
1914 868 2030 935 mortis

356 979 465 1025 secum
483 955 674 1047 expendens
689 959 727 1022 in
743 955 769 1020 l.
784 969 925 1023 senatus
939 959 1080 1026 censum.
1097 957 1149 1024 35.
1165 959 1195 1046 ζ.
1210 959 1293 1050 [pff.
1308 958 1351 1025 de
1367 961 1486 1026 mortis
1502 980 1600 1026 caus.
1616 957 1734 1025 donat.
1750 955 1839 1023 velut
1873 957 2030 1024 dehorta-

356 1057 437 1127 tur,
453 1067 496 1112 na
510 1045 585 1135 quia
602 1047 690 1111 ritae
699 1069 828 1112 securm
842 1047 884 1112 sit
897 1092 907 1127 ,
922 1048 1057 1136 quando
1070 1049 1129 1114 ait:
1152 1061 1250 1116 terra
1267 1049 1442 1140 morique,
1456 1060 1529 1114 tarn
1545 1049 1582 1114 in
1594 1070 1696 1138 paee,
1711 1068 1812 1136 quam
1828 1047 1866 1112 in
1880 1045 1978 1126 belia,
1994 1060 2030 1112 et

355 1151 430 1204 tam
445 1133 557 1221 domi,
573 1158 675 1228 quam
696 1134 841 1202 militiae
855 1135 972 1203 multis
986 1135 1163 1226 generibus
1179 1139 1302 1206 mortis
1312 1138 1500 1232 periculum
1516 1138 1622 1203 noetur'
1634 1148 1752 1224 potest.
1768 1135 1902 1223 Quibus
1925 1137 2026 1226 etiam

357 1227 428 1318 ipse
445 1225 622 1314 imperator
636 1224 657 1291 J
662 1223 850 1292 ustinianus
865 1227 903 1292 in
917 1249 997 1294 noar.
1016 1227 1057 1292 V
1056 1225 1112 1294 11.
1128 1253 1147 1295 e
1194 1272 1204 1293 .
1222 1229 1256 1316 4.
1270 1227 1485 1316 suffragatur:
1501 1225 1673 1320 quotidie,
1688 1221 1823 1311 dicens,
1839 1223 2028 1294 secundum

357 1327 501 1386 naturam
515 1312 712 1382 mutabilem
727 1311 884 1382 ordinem
900 1314 1104 1384 decedimus.
1121 1317 1156 1388 Si
1170 1341 1228 1404 eo,
1243 1341 1330 1410 quae
1345 1317 1385 1383 in
1400 1317 1623 1384 Eutbannria
1637 1339 1682 1381 eor
1693 1312 1898 1468 philosphia
1917 1328 1951 1382 et
1969 1315 2029 1405 jn·

348 1402 603 1496 ‘rirprude‘ntic
620 1403 799 1472 haurienda
816 1404 869 1472 lo.
886 1405 1140 1497 Gryphiander,
1157 1406 1244 1474 bend
1261 1405 1706 1501 ignobilisjurisconsuitus,
1727 1401 1804 1469 sedu
1819 1424 1839 1468 o
1852 1405 2029 1496 congessit.

358 1495 505 1586 Quoquo
519 1507 630 1560 autem
648 1491 745 1560 modo
759 1491 837 1560 baec
851 1513 966 1562 cuneta
982 1519 1052 1562 sese
1066 1495 1219 1578 babeant,
1234 1513 1421 1564 nontamen
1438 1521 1476 1563 er
1493 1519 1562 1562 asse
1578 1493 1710 1574 feriunt,
1720 1516 1820 1598 quem
1837 1494 1942 1561 labori
1957 1516 2030 1561 meo

359 1583 657 1743 Ecopumpraofixi.
673 1581 839 1737 lenim'i
853 1583 982 1740 antipas
998 1603 1062 1669 eat,
1078 1608 1144 1652 uon
1162 1586 1364 1742 deprglutpg
1380 1585 1436 1653 sed
1453 1583 1906 1740 ‘¹⁶.⁰fff‚⁰²,⁰d'¹¹⁰¹'¹¹⁸’R‘.¹¹¹⁰¹¹¹
1918 1583 2029 1740 θιιιιεέἱε)

359 1687 897 1838 stell&littinttttttt
912 1693 1246 1856 1.‘,'i..¹.”i.l.'i,i²iiiil
1259 1693 1634 1856 .1t..n¹¹¹.t.¹⁰tt...⁰.t
1650 1695 1746 1828 itt?
1756 1694 1968 1851 ..iiiios
1985 1697 2030 1832 i}

360 1859 448 1920 actis
471 1857 509 1920 in
532 1853 649 1922 mortis
674 1849 839 1939 articulo3
861 1851 951 1920 hunc
973 1877 1052 1921 tero
1074 1853 1119 1920 de
1142 1855 1217 1948 ipsc
1245 1868 1372 1940 morte,
1402 1855 1572 1921 occasione
1600 1851 1747 1918 novellae
1775 1875 1827 1916 aa.
1858 1875 1933 1944 cap.
1969 1875 2031 1936 ro„
2114 1901 2121 1912 .

360 1943 474 2016 menta
489 1943 654 2013 soluentes
671 1941 855 2007 luculentos
876 1943 1093 2033 omniumque
1109 1942 1178 2009 lere
1193 1945 1346 2010 manibus
1371 1943 1462 2010 tritos
1486 1943 1590 2010 libros
1619 1939 1771 2008 edidisse.
1796 1939 1920 2007 Verum
1936 1941 2030 2034 quod

348 2037 433 2100 'sina
450 2037 523 2100 labe
537 2033 661 2098 dictum
678 2033 735 2113 sit,
750 2039 981 2121 argumentum
999 2055 1110 2098 meum
1129 2033 1194 2100 leri
1209 2033 1317 2100 saltim
1335 2056 1371 2098 ac
1391 2053 1549 2138 suspenso
1573 2029 1706 2098 brachio
1730 2041 1968 2110 tractaverunt,
1991 2045 2031 2100 ut

362 2125 452 2191 inter
467 2122 570 2194 multa
585 2118 807 2196 emendanda,
822 2119 863 2184 de
875 2122 1000 2210 quibus
1011 2120 1073 2188 dn.
1088 2120 1224 2190 Praenes
1237 2123 1431 2190 cotraulntur
1446 2147 1483 2189 tn
1497 2119 1624 2211 disput.
1639 2119 1682 2185 de
1696 2119 1811 2208 effatm
1829 2121 2031 2205 Agonizan·

348 2209 468 2294 tium,
485 2212 535 2280 rel
551 2209 614 2278 isto
628 2211 761 2275 nomine
777 2207 887 2300 aliqua
902 2211 1002 2276 etiam
1016 2211 1233 2279 condonanda
1246 2214 1323 2279 sint.
1339 2211 1437 2278 Unde
1453 2212 1492 2276 ad
1502 2209 1832 2302 jurisconsultorum
1842 2207 2030 2279 decisiones

364 2314 399 2368 et
411 2301 554 2371 consilia
570 2298 795 2382 mihiraditnm
811 2301 947 2390 aperui,
964 2321 1030 2366 non
1046 2313 1170 2368 attenta
1188 2301 1278 2394 ling.
1293 2300 1404 2370 Grotii
1420 2300 1463 2367 de
1479 2301 1530 2366 bis
1544 2300 1707 2364 sententia
1732 2300 1768 2364 in
1785 2299 1916 2389 proleg.
1938 2300 1980 2368 de
1997 2302 2030 2390 1⁸.

364 2391 397 2458 b.
412 2407 447 2466 et
458 2415 492 2485 p.
508 2392 537 2480 ξ.
555 2388 607 2456 38.
623 2384 713 2480 quod
727 2386 868 2456 illorum
883 2411 952 2456 non
963 2413 1076 2481 pauca
1090 2387 1141 2456 cd
1151 2395 1306 2481 gratiam
1320 2391 1588 2477 consulentium,
1604 2411 1673 2456 non
1700 2387 1749 2454 ad
1772 2395 1871 2478 aequi
1890 2387 2032 2480 bonique

365 2495 529 2550 acturam
543 2482 613 2548 sint
627 2481 824 2570 compositu.
841 2476 923 2546 blibi
939 2483 1029 2547 enim
1047 2478 1191 2560 suflicit,
1208 2482 1243 2547 in
1259 2481 1390 2550 casibus
1407 2476 1644 2570 investigandis
1658 2489 1690 2543 et
1707 2479 1937 2545 controversiis
1952 2480 2034 2546 deb-

366 2569 498 2638 aiendis
513 2581 620 2636 tantos
634 2566 735 2634 duces
751 2567 922 2651 babuisse,
936 2567 978 2634 de
993 2571 1127 2638 caeteris
1143 2569 1319 2638 lectoribus
1334 2569 1493 2660 judicium
1511 2568 1675 2658 relinquo.
1692 2566 1824 2634 Interea
1848 2565 1891 2634 de
1909 2567 1959 2635 bis
1983 2581 2033 2637 et·

367 2661 432 2727 iam
448 2657 544 2726 lateri
560 2680 655 2750 cogor
669 2678 822 2747 pmeseus
838 2660 1019 2750 negotium,
1033 2657 1123 2754 quod
1140 2659 1292 2742 meditor,
1308 2682 1363 2726 eos
1377 2660 1513 2726 strictim
1528 2657 1686 2748 attigisse,
1702 2668 1803 2750 atque
1818 2657 1863 2722 ita
1880 2657 2031 2740 strictim,

366 2761 405 2816 ut
422 2746 585 2817 nobilium
600 2759 634 2814 at
649 2745 873 2839 frequentium
889 2751 1198 2837 controversiarum,
1215 2772 1299 2856 quae
1314 2749 1379 2816 buc
1393 2760 1556 2840 spectant,
1570 2745 1655 2812 locos
1670 2759 1800 2813 tautum
1813 2743 2031 2815 delineareut.

367 2840 483 2930 Quare
499 2859 564 2904 non
582 2835 703 2905 sirium
717 2857 866 2904 mearum
881 2837 999 2905 fiducia
1017 2838 1136 2919 iratus,
1151 2840 1207 2907 sed
1225 2851 1407 2907 instructus
1420 2836 1557 2906 oonsilio
1570 2834 1627 2902 dn.
1643 2833 1828 2918 Praesidis,
1841 2834 1897 2902 cui
1911 2857 2033 2926 proso·

366 2929 434 2996 lida
450 2925 681 2996 informatione
695 2937 892 3016 perpetuum
909 2928 1104 3021 obsequium
1119 2927 1241 3012 debeo,
1253 2941 1285 2996 ct
1300 2951 1399 2996 omne
1419 2926 1549 3018 pietatis
1568 2923 1711 2992 osticium
1726 2976 1737 3007 ,
1763 2925 1864 2992 hu'us
1878 2923 2032 2993 disserta·

367 3017 468 3086 tionis
492 3014 593 3084 telam
613 3014 795 3108 adgredior.
811 3015 860 3084 lle
878 3040 953 3083 vero
975 3017 1010 3084 in
1034 3018 1151 3086 iimina
1174 3018 1246 3108 ipso
1267 3017 1418 3086 confusio
1441 3041 1493 3082 me
1517 3013 1744 3105 perturbaret,
1766 2951 1919 3081 ordinem
1943 3014 2034 3085 bunc

367 3106 464 3212 elegi,
489 3106 611 3176 scilicet
633 3127 704 3196 cop.
726 3106 754 3172 1.
777 3104 1032 3174 fundamentum
1055 3131 1073 3174 a
1097 3131 1149 3215 me
1172 3106 1370 3214 expenditur
1383 3108 1477 3196 cujus
1493 3105 1619 3210 intuitu
1646 3101 1855 3195 jurijurando
1880 3121 2032 3173 mursae·

368 3207 580 3364 ttttt‘ttt
595 3193 1537 3378 inlitttl’nttt'fftt.;t.t⁰.'l⁰,'..t⁰ttttt⁰
1547 3191 2036 3373 .¹tttt².¹.²‘,.‘}3t.}¹ln⁰tt}

369 3374 514 3469 iustitiae
529 3383 698 3439 auctorem
715 3373 875 3462 imploro,
904 3374 964 3476 qui
996 3373 1126 3465 Spiritu
1154 3397 1213 3442 suo
1236 3375 1282 3442 itt
1306 3392 1396 3466 regat
1417 3372 1629 3465 cogitationes
1651 3395 1754 3454 meas,
1777 3395 1822 3439 ue
1844 3371 2035 3466 quidquam

368 3474 565 3560 suggerant,
589 3461 652 3532 nisi
676 3461 768 3556 quod
783 3463 1000 3531 sanctissimae
1022 3466 1094 3558 ejus
1118 3463 1282 3534 eunoun
1305 3464 1472 3532 corrsorme
1486 3462 1538 3528 sit.

1036 3673 1282 3747 CAPUT
1331 3677 1365 3743 1.

672 3847 730 3916 De
739 3847 1000 3942 fiendamento,
1021 3837 1127 3944 cujus
1150 3852 1278 3920 intuitu
1291 3874 1381 3918 moa-s
1397 3847 1470 3916 loeo
1480 3846 1730 3938 jurisjurandi.

593 4034 616 4086 S
635 4038 663 4091 U
676 4036 713 4088 d!
725 4037 762 4089 d!
773 4038 803 4090 A
821 4037 846 4092 tt
864 4037 934 4089 ta.
1222 4034 1366 4092 Distinetio
1380 4033 1452 4088 inter
1462 4049 1505 4088 rer
1517 4043 1639 4091 menas
1649 4043 1677 4087 et
1687 4032 2044 4092 adsentiebantur

1256 4120 1415 4185 adplicatur.
1428 4113 1453 4187 ᾖ.
1466 4119 1492 4170 ³.

368 4199 558 4275 Jarisjurendi
567 4201 734 4257 imreductio
747 4221 765 4257 a
776 4212 850 4258 stam
874 4211 1007 4272 eorrapta
1030 4200 1174 4272 repetenda
1222 4200 1354 4268 Seraphin
1364 4201 1398 4256 ue
1409 4198 1567 4272 seraptim
1589 4197 1730 4254 occosim
1753 4197 1834 4273 iuius
1853 4214 2044 4268 praesumptae

395 4297 447 4343 stt.
1258 4281 1401 4336 obliriom‘r
1412 4291 1538 4336 notaturi
1558 4280 1633 4352 quad

398 4367 478 4441 Ergo
497 4367 681 4442 jurisjurandi
693 4365 857 4441 sreprrentia
884 4369 995 4440 signam
1006 4381 1047 4427 est
1072 4385 1172 4441 aegrae
1225 4366 1331 4421 Psalm.
1348 4367 1396 4420 Vt.
1410 4365 1436 4416 b.
1446 4365 1580 4431 abutitur,

396 4441 567 4522 abactae«.
1222 4452 1329 4505 &mum
1341 4448 1516 4504 morientium
1525 4462 1552 4504 et
1562 4447 1733 4506 mortuorum
1746 4445 1901 4519 confundit,
1921 4456 1944 4512 ς.
1957 4449 1982 4502 i.

360 4533 433 4605 Bias
445 4536 583 4607 abrogatis
597 4533 785 4609 difficiliared
794 4533 1116 4604 nonpianeimporsibilis
1127 4545 1175 4589 nt.
1223 4535 1365 4590 limitatio
1378 4533 1542 4601 mntemioe,
1561 4553 1616 4605 pua
1640 4551 1713 4588 mors
1723 4531 1975 4603 locojurisj'uranai
1986 4534 2039 4588 ta

361 4618 521 4674 Dubitandi
531 4621 700 4690 rutio,quce
711 4620 918 4693 ajnrep'urando
932 4618 1083 4688 Deiiptiut
1092 4620 1176 4690 petita
1259 4620 1348 4674 betur.

396 4715 447 4767 est,
463 4704 585 4760 soluitur.
1256 4703 1281 4754 t.
1293 4719 1315 4756 a
1329 4697 1487 4754 mnditione
1494 4715 1643 4772 pem,
1659 4697 1709 4766 pio
1731 4700 1776 4762 sit,
1801 4697 1887 4750 ianm
1895 4695 2000 4766 sumas
2012 4707 2044 4750 et

360 4793 388 4842 8.
402 4787 567 4858 Hieronyna'
576 4786 732 4842 testimonia
745 4787 903 4844 illustratur.
916 4795 939 4852 ς,
951 4790 974 4841 t.
1213 4797 1218 4808 ¹
1273 4783 1280 4808 l
1312 4782 1503 4836 marmarica.

361 4868 667 4937 Daiarandiproalirit.
683 4868 841 4924 Christianis
855 4867 1014 4940 indipaafit
1033 4868 1179 4925 tremitur.
1259 4867 1432 4933 Comparatio
1447 4881 1507 4919 cum
1526 4873 1608 4930 uma·

361 4951 600 5017 Fundamentm,
613 4973 667 5026 qao
678 4969 751 5008 mors
762 4952 823 5006 icco
834 4951 956 5024 iurisiur.
968 4969 1027 5007 erre
1038 4953 1174 5008 sarnum.
1261 4947 1410 5004 arnume
1430 4965 1466 5001 ea
1473 4947 1537 5016 J'ure
1548 4946 1712 5002 canonicare
1722 4961 1759 4999 ra
1776 4945 1917 5001 unsara
1925 4965 1959 5000 aa
1970 4946 2029 5000 tte·

360 5036 550 5106 Praesumptio
562 5047 656 5106 estpro
669 5037 808 5112 monente,
820 5051 1034 5090 commemorem
1047 5047 1178 5092 aeternae
1311 5032 1405 5088 norisii
1414 5029 1577 5094 testimonib.
1596 5038 1618 5093 i·
1631 5031 1656 5082 ὅ·

397 5118 492 5172 salutis
504 5133 568 5174 erre.
1258 5119 1285 5174 ἱ.
1297 5117 1554 5186 repraeparutane
1564 5113 1602 5168 nd
1618 5125 1742 5170 mortem.

360 5207 571 5260 &moneantur
684 5195 687 5204 ’
1226 5209 1313 5274 Quam
1325 5201 1500 5259 commendat

451 5289 480 5358 t)
492 5307 528 5342 ee
540 5299 644 5345 natura
650 5289 907 5360 praesumptionum,
1260 5295 1289 5356 a)
1300 5286 1460 5342 mannate
1467 5284 1616 5352 temporis,
1625 5283 1730 5356 generis
1741 5291 1768 5335 et
1779 5279 1832 5334 ioci
1841 5277 1950 5348 mortis,

451 5373 484 5443 ξ)
494 5385 657 5443 argumento
666 5375 695 5428 il.
1258 5371 1286 5436 b)
1305 5371 1406 5425 Oratio
1414 5379 1571 5422 sannorum
1585 5365 1711 5431 Doridis,
1725 5362 1839 5434 Moysis.

324 5513 325 5518 ,
452 5455 484 5526 3)
495 5455 650 5511 testimonio
665 5457 814 5512 doctorum.
826 5465 848 5520 ς.
861 5455 887 5508 2.
1259 5457 1286 5526 c)
1304 5453 1466 5507 Admonitio
1486 5450 1650 5514 Gemilium,
1661 5450 1702 5504 uti
1713 5452 1840 5504 Senecae.

347 5550 350 5556 '
364 5539 487 5595 Dubium
498 5541 532 5596 aa
542 5541 764 5610 praesumptione
775 5537 919 5597 oblivionis
929 5539 958 5597 in
972 5540 1105 5598 nenena
1118 5541 1175 5597 rel·
1260 5539 1292 5610 d)
1303 5538 1437 5594 marera
1448 5537 1508 5608 ep'us
1519 5535 1637 5610 effictam.

398 5621 482 5680 sitm.
1226 5625 1469 5684 Auuamtetuc
1478 5623 1687 5697 praeparatione
1697 5619 1970 5692 apmeslauomnu.
