4470 6188
382 271 438 328 tlt
862 273 1053 335 ntsttttt'r.
1070 281 1134 341 tlt.
1154 281 1254 340 ster.
1273 285 1311 342 ll.
1328 287 1447 344 ctm't·
1463 290 1496 344 V.
1917 293 1972 350 tlt

327 383 428 431 ssestoe
444 385 554 427 nanus
570 368 605 426 sb
616 368 653 426 iia
663 365 693 425 ln
703 365 812 442 iudiciis
822 367 918 427 boenas
929 375 1070 430 ducatuum
1083 396 1143 448 pso-
1197 381 1336 438 deeimairi
1355 385 1431 440 sisae
1449 379 1594 454 anlffers
1610 381 1666 439 siae
1677 386 1818 442 masuris
1836 387 1927 444 subire
1937 401 1964 446 et
1976 393 2022 448 de·

327 456 485 516 sineislibas
502 457 606 512 scsirsli
623 456 728 511 seilicet
750 465 778 511 et
803 457 1020 516 daosleeimsirall
1046 461 1147 518 Iann-
1196 466 1279 522 lectus
1298 471 1411 540 singulis
1427 481 1541 540 quatuos·
1564 473 1629 525 anni
1647 475 1825 544 temporibus.
1848 479 1955 548 qnando
1983 485 2025 552 ju·

328 544 387 600 suad
403 539 636 612 delfferdlecltt
652 540 1145 618 gestissnseipiendad'tquldemqui
1197 550 1296 606 dicium
1318 554 1384 607 illud
1404 554 1529 608 l’saeside
1546 556 1738 612 illustrissimo
1760 561 1897 630 capitaneo
1919 581 2025 618 exeme-

325 625 429 700 jndiciu
446 624 551 680 serirall
570 625 687 679 assident
705 636 759 681 tres
776 627 890 692 nobiles,
910 643 944 681 ex
961 629 1057 683 ordine
1069 649 1146 703 eque·
1199 642 1250 697 tur,
1270 635 1401 690 interesse
1419 636 1508 692 debet.
1527 639 1571 692 Est
1589 655 1650 694 reto
1667 641 1717 695 boc
1733 640 1858 698 officium
1877 648 2023 700 ambulate·

327 712 379 766 stri
397 708 572 768 Weicbbildl
591 706 970 780 Sebraidnicenslselipuntnr
986 716 1094 770 etolim
1107 733 1146 768 aa·
1200 716 1287 780 cinnae
1314 717 1379 772 inde
1400 719 1507 790 quoties
1531 723 1593 790 quis
1608 734 1721 792 quatuor
1738 727 1843 781 ricibns
1870 745 1901 780 eo
1919 727 2025 784 iunctus

326 794 425 852 l'sriusu
441 791 573 866 quoddam
592 789 704 845 atribns
715 791 858 847 Coenobiis
870 794 1010 862 tentent,
1023 797 1146 852 Cemene-
1197 810 1255 873 est,
1275 818 1353 855 neon
1371 820 1404 856 er
1418 819 1448 857 ea
1465 803 1522 857 aiae
1542 807 1679 872 Quartale
1701 807 1822 864 bealtaera
1847 806 1964 880 helffen,
1991 811 2023 864 ad

326 879 412 936 elensi
428 886 457 932 ct
473 877 505 930 b.
522 875 662 948 Virginis,
688 876 777 947 (qnod
795 877 826 930 in
847 877 934 933 brena
959 883 1148 937 Vratislatien·
1196 881 1279 936 alium
1296 899 1330 936 ex
1347 885 1442 940 ordina
1460 886 1592 941 nobilium
1611 890 1769 956 deeolritur,
1785 892 1832 962 qui
1853 893 1907 962 ipsi
1935 910 2024 947 sucee-

327 965 399 1021 slum
417 963 497 1018 silum
515 961 581 1033 est)
604 959 789 1032 praestandum
809 961 959 1028 bibebant,
977 982 1062 1044 nque
1079 970 1147 1020 ultra
1197 965 1248 1030 dit;
1268 979 1358 1043 postes
1376 969 1408 1022 ad
1429 969 1575 1025 triennium
1594 975 1628 1027 ab
1646 977 1781 1042 eiusmodi
1801 978 1955 1032 muneribus
1967 980 2023 1031 ins·

326 1045 466 1102 biennium
484 1043 563 1099 inriti
577 1044 628 1098 boc
640 1059 749 1098 munere
761 1045 950 1100 onerabantur.
962 1047 1034 1099 coni.
1048 1051 1148 1106 Wein·
1199 1053 1289 1103 monis
1302 1064 1360 1118 ests
1379 1071 1446 1124 quae
1462 1067 1487 1108 et
1507 1056 1608 1110 similia
1620 1058 1741 1126 pluribus
1752 1058 1915 1116 deliniuntur
1928 1063 1956 1113 itt
1969 1062 2024 1116 der·

326 1127 474 1202 partsaac.
488 1127 545 1198 jer.
563 1127 620 1180 cliv.
641 1146 671 1199 p.
688 1127 715 1182 2.
730 1129 787 1198 sol.
805 1129 867 1180 288.
892 1147 946 1201 sap.
972 1131 1061 1185 lindie
1085 1149 1147 1187 reto
1197 1133 1361 1206 Besteliung
1376 1139 1422 1190 des
1440 1138 1691 1208 lindiffer-Recita,
1709 1160 1787 1212 qnam
1800 1144 1909 1197 exhibet
1920 1146 2024 1198 Weiss·

325 1213 403 1268 aliter
420 1229 448 1266 se
466 1227 508 1264 res
525 1210 619 1276 bsbet,
636 1228 805 1282 munusque,
830 1213 902 1282 qnod
919 1224 997 1266 antea
1015 1225 1146 1288 tempora·
1196 1229 1261 1284 gart.
1278 1239 1304 1284 p.
1323 1219 1417 1286 2.snl.
1436 1223 1499 1273 288.
1518 1239 1564 1292 seq
1594 1223 1710 1278 conferri
1738 1225 1782 1277 bie
1805 1227 1917 1279 omnino
1942 1225 2025 1280 debet

327 1297 398 1350 rinrn
415 1305 492 1361 erat,
510 1294 543 1348 ad
561 1293 619 1348 dies
643 1295 713 1349 ritas
730 1295 844 1360 retinet,
870 1297 916 1365 qui
942 1296 976 1349 ad
1000 1297 1146 1353 subeundas
1199 1303 1259 1354 Dial
1279 1301 1414 1374 lludnlpisl
1434 1307 1469 1358 ll.
1489 1307 1874 1381 Kayserliclseeonfimatinn
1888 1305 1937 1362 der
1953 1311 2025 1361 Var-

326 1389 416 1453 psrles
434 1379 574 1433 assessoris
592 1397 606 1431 s
626 1393 750 1447 supremo
767 1379 841 1432 aulae
856 1377 998 1447 praelecto,
1013 1390 1144 1452 tamquam
1193 1383 1339 1454 gleiclsuug
1356 1404 1445 1456 soeges
1465 1387 1616 1457 Beaetsnng
1632 1387 1680 1442 des
1693 1389 1841 1457 Zsoneffler
1851 1389 1955 1454 lleclttr,
1972 1389 2027 1442 wia

327 1467 452 1521 Praeside
470 1465 584 1518 illnstris
597 1463 780 1534 bujnsjulieii
796 1467 876 1518 semel
887 1463 1004 1518 delectus
1015 1479 1065 1519 est.
1075 1469 1145 1522 ceni.
1197 1471 1268 1524 nuci
1287 1471 1335 1526 der
1350 1474 1532 1540 supplic-otios
1554 1476 1614 1528 und
1630 1475 1753 1530 reubina
1772 1474 1870 1530 lsalber
1886 1477 1922 1530 sla
1944 1493 2026 1528 autin

325 1547 372 1604 dn.
390 1550 487 1604 Carisii
505 1549 571 1613 disp.
590 1549 701 1624 dejure
718 1547 821 1602 civium
837 1549 974 1604 deivido.
989 1549 1144 1622 em0seudn
1199 1556 1282 1606 tnot.
1300 1557 1369 1624 apud
1387 1560 1509 1610 eumdem
1524 1579 1552 1629 p.
1572 1558 1668 1627 2snl.
1688 1562 1750 1612 280.
1767 1577 1841 1630 seqq.
1863 1560 1908 1612 nbi
1935 1569 1992 1610 stat
2006 1585 2027 1604 ι-

326 1633 392 1688 nni.
407 1651 429 1684 s.
446 1634 486 1685 11.
504 1637 526 1695 ς.
545 1633 572 1684 d.
590 1631 629 1684 tl
649 1632 866 1687 constitutionem
885 1632 977 1699 judicii
996 1634 1145 1690 duodecim-
1198 1648 1263 1702 tum,
1280 1639 1349 1707 quod
1369 1640 1414 1709 qui
1434 1643 1516 1692 semul
1536 1659 1681 1694 assessores
1700 1642 1794 1710 judicii
1813 1643 2027 1696 duodecimrira·

325 1713 417 1770 viralis
432 1725 594 1769 concurrunt
608 1713 691 1770 etiam
718 1716 879 1788 reliquerunt
905 1717 1076 1772 districtuum
1099 1737 1145 1774 seu
1197 1722 1231 1773 lis
1249 1723 1384 1778 costatituti
1410 1737 1469 1777 sunt
1494 1724 1596 1778 diutius
1618 1727 1679 1776 bule
1706 1727 1809 1778 musseri
1835 1744 1954 1795 praeesse
1983 1727 2027 1778 de·

326 1799 564 1857 Wcicltbildorum
584 1799 702 1868 nobiles,
719 1816 830 1872 quorum
847 1801 959 1874 quisque
972 1819 1066 1856 munus
1086 1803 1147 1858 dun·
1196 1805 1290 1870 brem,
1309 1825 1451 1880 earumque
1468 1825 1545 1880 opera
1565 1810 1760 1881 salarinsliqun
1773 1811 2026 1866 altr-munerando.

992 1964 1238 2036 CAPUT
1285 1969 1345 2038 Vl.

905 2135 963 2204 De
984 2135 1179 2229 privilegiis
1200 2137 1439 2208 vassallorum.

570 2309 592 2362 d
611 2312 640 2366 U
652 2310 691 2363 l!
702 2307 739 2364 Π
752 2308 781 2362 A
799 2311 826 2365 tt
843 2309 864 2361 1
878 2307 908 2360 A
1202 2299 1412 2380 provincialibus
1433 2311 1592 2381 saepissime
1607 2313 1805 2380 coniunguntur
1821 2311 1865 2366 die
1876 2329 1930 2368 cote
1948 2311 2028 2367 Aust

1200 2391 1258 2446 und
1282 2393 1434 2459 delelsnetee
1454 2399 1519 2450 item
1545 2396 1731 2466 uiuerscleffl
1748 2397 1807 2450 und
1831 2397 1954 2460 lanne,
1972 2397 2020 2450 elia

328 2480 424 2536 reuda
434 2489 528 2536 ttcslrc
540 2495 599 2534 non
612 2477 770 2533 nobilitant.
783 2478 852 2540 ς.1.
1200 2477 1325 2530 lelelsuet
1343 2493 1419 2550 scyta.
1439 2481 1498 2550 Qun
1516 2481 1574 2552 ipso
1600 2490 1686 2533 tamen
1705 2483 1761 2549 jura
1786 2479 1877 2533 ordini
1900 2479 2023 2548 equestri

328 2567 374 2620 De
383 2563 522 2634 privilegio
525 2561 600 2632 snat.
612 2569 635 2626 ς.
649 2561 676 2615 2.
1197 2577 1249 2631 qua
1269 2560 1314 2612 tali
1333 2564 1512 2632 competentis
1533 2563 1708 2616 nibilominus
1726 2565 1795 2616 sales
1814 2571 1917 2616 manent
1923 2598 1933 2626 ,
1951 2563 2023 2627 eius·

326 2651 372 2705 De
381 2647 445 2717 iure
457 2657 587 2702 statuum.
599 2652 624 2709 ς.
638 2647 665 2697 3.
1199 2661 1250 2714 que
1269 2645 1397 2713 dignitati
1417 2658 1442 2700 et
1461 2648 1656 2716 praerogatiuae
1674 2647 1744 2700 nibil
1761 2646 1920 2701 detrahitur.
1937 2645 1979 2700 Ex
1992 2646 2024 2698 il-

333 2731 455 2788 Varsnlli
465 2725 566 2784 nobilia
576 2727 671 2800 qssood
683 2727 780 2797 officia
791 2725 971 2794 praecipuit.
983 2723 1009 2776 i·
1200 2727 1236 2780 lis
1263 2729 1347 2798 igitur
1370 2729 1536 2801 privilegiis,
1561 2749 1627 2800 quae
1653 2732 1772 2784 sssssttts
1797 2729 1897 2784 nostrie
1920 2729 1949 2783 in
1976 2747 2023 2798 pa·

332 2812 728 2888 Qua'dlsodieodtinentll.d.
1202 2829 1266 2866 aare
1291 2823 1352 2868 sunt
1380 2813 1496 2882 tributa,
1522 2817 1626 2888 paticra
1654 2816 1708 2888 jam
1733 2815 1766 2868 in
1786 2813 1904 2870 anatim
1929 2810 2023 2886 prole·

325 2899 490 2956 Immunitos
501 2917 519 2950 c
527 2916 619 2969 poeno
632 2894 819 2948 contumaciae
838 2887 920 2944 indie
931 2889 1072 2959 abrogata.
1085 2884 1110 2960 fl
1123 2886 1150 2940 d.
1199 2912 1299 2951 ranna,

326 2985 521 3039 loramentum
532 2981 640 3033 testatam
654 2975 769 3030 craliter
780 2993 838 3029 non
849 2973 1078 3044 praestanti-'1-
1232 2979 1256 3052 S
1270 2982 1296 3036 i.
1310 2981 1473 3042 l’rlrnsrinsa
1487 3000 1521 3039 ea
1539 2982 1583 3038 isis
1600 2993 1641 3038 est
1656 2983 1827 3056 priuilegium
1839 2981 1933 3047 lorini
1947 2984 2027 3052 cnjus

327 3061 607 3134 Deuliiapriailegt'ia.
619 3067 642 3125 ς.
656 3060 686 3112 8.
1199 3065 1303 3120 tesselli
1330 3066 1499 3138 magistratus
1517 3067 1682 3122 civitatensis
1698 3065 1912 3136 jurisdictionem
1937 3081 2023 3133 agno·

328 3145 561 3212 Concludunt.
1203 3164 1274 3202 scere
1291 3149 1360 3202 baud
1380 3159 1516 3215 tenentur,
1529 3151 1575 3202 sed
1595 3151 1752 3218 regulariter
1764 3149 1851 3202 inruat
1869 3147 2024 3202 sortiuntur

1198 3245 1289 3284 cosam
1309 3231 1489 3286 illustrissimo
1508 3233 1601 3284 borona
1619 3233 1758 3284 ducatuum
1778 3230 1930 3299 capitaneo,
1948 3229 2024 3284 tices

329 3327 354 3385 ς.
372 3320 398 3372 1.
422 3267 596 3369 Dicendum
615 3311 700 3366 adhue
719 3321 760 3366 est
778 3309 811 3364 de
835 3307 1002 3381 privilegiis,
1018 3325 1086 3380 qnae
1110 3309 1150 3363 ia·
1199 3316 1285 3382 regias
1304 3314 1406 3369 ibidem
1425 3318 1504 3386 pleno
1521 3318 1580 3382 jure
1599 3323 1721 3378 terame,
1736 3313 1895 3382 iudiciisque
1912 3315 2023 3384 prosin-

328 3401 398 3458 tuitn
414 3397 553 3451 leudorum
571 3407 723 3448 nostrorum
743 3395 847 3448 seilicet
866 3395 997 3461 majorum
1017 3397 1056 3448 ael
1076 3393 1149 3447 nobi·
1197 3397 1321 3470 cialibus.
1333 3397 1473 3469 (qnamris
1486 3397 1568 3452 bodie
1585 3398 1679 3451 borum
1698 3413 1751 3448 nan
1770 3397 2023 3466 aequalissitrignr

327 3483 397 3539 lium
416 3477 614 3552 possessoribus
632 3495 677 3532 sau
695 3479 813 3534 rescellis
831 3489 996 3550 cnsnpctnnt.
1017 3479 1069 3532 snt
1085 3491 1148 3533 ante
1197 3481 1346 3552 sequidem
1364 3483 1492 3554 pristinis
1511 3479 1695 3552 temporibus)
1710 3479 1950 3548 Deprehenduntnr
1974 3499 2023 3533 aso

326 3568 416 3623 emnia
436 3563 598 3618 monendum
622 3571 679 3627 est,
698 3563 917 3633 quemadmodum
943 3565 1001 3629 jure
1025 3562 1149 3614 saxonico
1198 3567 1275 3634 buius
1286 3567 1467 3636 exemptionis
1486 3567 1596 3636 uestigia
1610 3567 1637 3618 in
1650 3565 1846 3634 antiquissimis
1857 3563 2021 3634 privilegiis.

327 3653 459 3726 acquisito
477 3650 556 3706 leudo
573 3648 657 3703 nobili
675 3651 747 3702 nulla
765 3649 896 3718 equestris
913 3647 1030 3707 distillat
1049 3661 1148 3716 ΡΜ·
1179 3655 1236 3712 ,lta
1256 3654 1282 3704 in
1304 3653 1443 3722 priuilegio
1463 3653 1576 3706 ilenrici
1595 3650 1670 3704 ducis
1697 3651 1810 3705 silesiae
1832 3649 1932 3702 ciuitati
1954 3651 2026 3704 Scla-

325 3738 380 3794 Ιοῐί
393 3737 473 3789 timul
486 3734 644 3802 tequlrllttt.
658 3734 724 3786 Scin
742 3731 836 3786 sl'cltl'lli
852 3731 921 3787 tttird
936 3731 1055 3786 dudurcls
1074 3729 1148 3783 tsicbt
1197 3735 1354 3790 uiciniam}
1369 3752 1493 3790 ωῃωςο
1511 3737 1544 3790 dg
1563 3753 1640 3791 anm
1659 3735 1740 3788 1285,
1757 3733 2020 3788 waslilulumzr'eem

325 3821 465 3884 vinciet,
479 3819 658 3873 leta-neele
675 3833 698 3871 c.
716 3817 762 3869 ²1.
781 3813 1027 3886 Autnn.1'usseud.
1039 3815 1109 3880 ‹lt'sp-
1123 3815 1149 3863 ¹·
1197 3819 1311 3881 domasa,
1331 3820 1502 3872 concedimur
1519 3830 1547 3871 et
1564 3819 1705 3881 uolumus,
1718 3827 1856 3871 utnmnar
1875 3807 1978 3870 utilitas
1990 3827 2020 3870 es

325 3907 366 3962 tls.
383 3905 456 3959 otte.
471 3905 495 3957 l.
509 3904 542 3956 ita
562 3901 642 3956 etiam
656 3899 684 3952 in
699 3900 803 3952 nostris
823 3901 902 3952 terrie
920 3901 976 3966 jura
996 3896 1148 3952 nobilitatis
1187 3899 1320 3973 fideles
1337 3901 1524 3972 superdeum
1542 3905 1571 3955 tn
1591 3902 1663 3955 alosa
1674 3901 1789 3954 censura
1806 3897 1951 3952 musanell,
1968 3917 2019 3954 ω.

329 3991 477 4064 perennalis
503 3987 590 4041 leudis
615 4003 668 4038 non
694 3986 850 4048 adbaerent,
871 3984 915 4036 sed
942 4002 972 4036 ea
998 3983 1148 4053 specialiter
1197 4004 1258 4040 anau
1282 3997 1375 4042 nostro
1400 3985 1572 4056 prouinciali
1586 3986 1723 4038 aduocato
1747 3983 1867 4052 ejusdem
1885 3982 2015 4038 ciuitatis

329 4075 419 4131 adbuc
434 4068 602 4141 impetranda
618 4079 704 4122 sunta
719 4086 780 4138 rege
799 4067 953 4120 Bobemiae.
969 4068 1020 4121 b'bi
1040 4069 1147 4137 quidem
1199 4071 1327 4126 conventi
1343 4068 1459 4124 debeam
1477 4073 1652 4138 respondere.
1670 4071 1754 4140 Quem
1781 4069 1935 4122 aslroestom
1955 4083 2018 4136 prn-

327 4165 450 4230 tespectu
469 4155 581 4209 Silesiae
600 4161 627 4206 et
644 4163 792 4206 nostrorum
805 4151 944 4204 ducatuum
964 4153 991 4203 id
1010 4153 1148 4205 nbserran-
1198 4157 1339 4211 riucislesn
1359 4155 1387 4206 in
1407 4154 1479 4207 sillia
1498 4154 1606 4207 nomine
1625 4155 1719 4206 dueum
1736 4153 1778 4220 jus
1794 4150 1896 4204 dixisse
1910 4152 2023 4217 optines

265 4237 267 4242 ’
326 4241 406 4306 dnsn,
427 4239 496 4310 qttotl
515 4255 568 4292 non
586 4237 705 4308 praecise
724 4237 869 4306 diplomata
889 4235 1149 4308 nobilitatiakAdels-
1197 4239 1309 4309 exponit
1336 4237 1521 4306 Schiiordegb.
1547 4236 1578 4290 in
1595 4247 1628 4290 tr.
1646 4235 1792 4309 dejurisd.
1818 4229 1961 4306 praefuit
1980 4236 2014 4286 in

326 4323 462 4396 Briesees
473 4325 630 4379 cancellaria
647 4321 783 4393 imperiali
797 4321 912 4390 (liciclts
926 4321 1093 4392 Cancelley)
1108 4337 1151 4392 pc-
1196 4324 1294 4380 dilesia
1312 4343 1337 4394 p.
1358 4326 1383 4376 1.
1402 4339 1463 4376 curta
1481 4322 1621 4376 alsonus
1639 4321 1832 4374 haereditarius
1850 4320 1877 4370 in
1896 4317 2018 4370 ciritati.

328 4410 409 4464 tenda
430 4411 501 4474 sint3
521 4427 579 4462 narn
599 4409 669 4479 qnod
690 4406 719 4458 in
738 4421 793 4477 cap.
811 4404 923 4478 leopold.
936 4416 989 4460 crt.
1002 4405 1046 4458 ll.
1066 4406 1146 4460 babe·
1197 4409 1245 4459 bus
1272 4405 1486 4476 jurisdictionem
1510 4415 1661 4470 exerceret,
1683 4405 1733 4458 ilis
1748 4403 1878 4472 dignitate
1897 4402 2016 4454 multum

324 4506 381 4559 lttr,
401 4494 513 4564 respicit
526 4493 669 4563 imperium
689 4475 1007 4560 romano-germanicum,
1022 4509 1073 4543 non
1087 4511 1148 4546 amn
1198 4490 1319 4544 inierint.
1333 4491 1426 4544 Postea
1441 4498 1543 4544 usitato
1560 4499 1630 4542 statu
1649 4488 1766 4558 pristino
1777 4487 1827 4538 alia
1844 4483 2014 4552 jurisdictio-

326 4573 501 4643 bobanism,
518 4595 577 4630 cum
596 4594 645 4646 qua
672 4575 767 4630 silesia
794 4586 882 4627 nostra
909 4573 1044 4636 cobaeretg
1065 4592 1148 4646 neqsse
1198 4575 1240 4626 nis
1258 4571 1343 4626 icrma
1362 4573 1525 4636 introducta,
1544 4573 1751 4640 capitaneusque
1775 4568 1950 4630 constitutus,
1969 4587 2018 4623 no-

327 4645 400 4716 inim
419 4679 467 4716 rea
486 4661 629 4716 bohemiae
648 4662 773 4724 interest,
792 4661 897 4731 qnando
915 4659 1069 4729 capitulatio
1086 4679 1147 4714 enu-
1197 4672 1252 4708 rem
1271 4673 1324 4724 quo
1343 4651 1421 4706 hodic
1441 4653 1547 4706 tesselli
1566 4651 1653 4706 mum
1671 4657 1823 4720 competens
1842 4647 1950 4712 babent,
1965 4648 2012 4700 isl-

326 4742 435 4810 lieitur,
447 4746 562 4816 adeoque
574 4745 659 4815 quoad
681 4757 762 4798 terras
782 4762 842 4799 suas
861 4761 918 4796 nou
930 4746 1070 4812 obligatur.
1086 4747 1149 4800 sch.
1196 4757 1246 4810 que
1265 4747 1316 4790 tam
1337 4738 1366 4790 in
1384 4738 1471 4790 causis
1489 4736 1640 4790 feudalibus
1657 4753 1735 4804 quant
1752 4733 1934 4796 allodialibus,
1956 4742 2016 4784 tans

327 4831 398 4882 tted.
416 4834 520 4886 Introd.
539 4831 568 4883 itt
580 4829 629 4902 jue
645 4829 720 4895 publ.
736 4838 808 4894 port.
825 4846 893 4898 spec.
911 4847 932 4880 s.
951 4829 977 4882 2.
991 4847 1012 4883 c.
1032 4831 1058 4884 ll,
1075 4827 1099 4902 §-
1120 4835 1148 4884 1,
1196 4823 1406 4892 ciuilibusquam
1426 4819 1620 4874 criminalibus.
1638 4819 1756 4873 rideatur
1773 4817 1821 4869 der
1832 4813 2016 4868 Boedmisclsa

328 4925 438 4986 pssunt
456 4931 518 4985 ergo
535 4934 550 4967 a
570 4915 734 4966 nostratibus
758 4911 909 4982 diplomata
934 4914 1015 4967 eliam
1041 4916 1149 4986 pellex
1196 4909 1297 4973 darach
1314 4909 1445 4966 anticlea
1470 4905 1557 4961 band
1572 4906 1631 4961 und
1653 4905 1782 4960 Stuedtert
1805 4902 1856 4957 der·
1872 4903 2014 4956 Fttratess·

328 4995 487 5055 cinaeum.
512 4997 680 5050 tuenstuens
707 4997 858 5060 lustriaco,
884 4999 926 5051 nt
950 4999 1018 5068 quot
1044 5000 1075 5051 sn
1095 5002 1148 5053 sn-
1196 4992 1495 5048 conmercationum
1512 4993 1572 5047 tend
1596 4992 1688 5044 lauet
1704 4991 1737 5044 l·
1760 5005 1835 5042 snas
1862 4987 1943 5038 1⁵¹⁰·
1962 4987 2019 5040 sat»

328 5081 421 5136 landas
439 5081 662 5135 contradictiones
685 5073 847 5136 tutissimum
863 5099 894 5134 ex
909 5083 1149 5154 Bnhernica‚prae·
1197 5081 1320 5132 rubricst
1340 5080 1466 5133 Gers'clste
1487 5077 1554 5130 ilder
1573 5077 1634 5130 dem
1652 5075 1734 5130 Aust.
1760 5073 1917 5141 Weingart·
1933 5087 1963 5136 ρ.
1985 5073 2017 5124 2.

329 5165 422 5219 sertim
436 5183 495 5218 cuso
508 5165 587 5218 creati
607 5185 621 5219 a
640 5183 701 5235 rege
719 5167 860 5220 Bubetuiae
880 5166 980 5220 nobiles
995 5170 1021 5218 in
1034 5170 1149 5237 imperio
1185 5159 1247 5228 sol.
1265 5161 1326 5214 26³.
1341 5179 1389 5215 nee
1406 5161 1508 5224 obstat,
1520 5160 1589 5229 qnod
1608 5160 1653 5212 bia
1671 5157 1800 5211 nobilisuo
1814 5155 1843 5208 in
1862 5153 1950 5223 specie
1962 5147 2019 5208 liat

329 5250 482 5321 germanico
502 5251 623 5304 universo
642 5251 704 5303 tales
722 5253 802 5304 etiam
820 5251 1026 5306 inluminent.
1046 5251 1091 5303 dn.
1112 5253 1146 5306 de
1196 5247 1312 5312 mentio,
1332 5245 1435 5298 dictum
1453 5246 1526 5298 enim
1546 5245 1610 5306 int.
1630 5241 1747 5315 praeced.
1764 5239 1798 5294 ad
1816 5239 1938 5293 assultus
1957 5236 2016 5292 leu-

329 5327 604 5403 llbeta.a‘nett’t.1'ur'.'
626 5336 702 5406 publ.
721 5336 769 5391 tlt.
790 5339 815 5386 1.
837 5335 878 5388 tit.
899 5335 941 5388 tt.
956 5344 978 5398 ς.
999 5336 1027 5388 2.
1046 5337 1145 5404 Quam·
1195 5331 1228 5383 da
1246 5331 1346 5383 nobilia
1366 5329 1535 5399 possidentes
1552 5344 1634 5397 aeque
1653 5327 1716 5378 talia
1733 5324 1875 5394 priuilegia
1894 5321 2018 5391 pertine-

328 5420 368 5474 ata
386 5431 473 5474 antem
492 5421 631 5475 vassallum
650 5421 720 5490 apud
735 5439 784 5475 ncs
803 5420 908 5474 feudum
928 5439 981 5472 non
1002 5421 1144 5489 nobilitet,
1193 5430 1240 5478 re,
1257 5413 1326 5483 quod
1344 5413 1426 5464 stiam
1444 5427 1492 5464 usu
1511 5411 1548 5464 ila
1567 5411 1666 5463 marari
1692 5419 1804 5462 testatur
1827 5405 2012 5477 sspeateatta.

329 5493 532 5559 tributiones
562 5503 613 5573 ipsi
633 5505 822 5573 assisiensi
850 5505 1049 5559 inmunitates.
1069 5516 1096 5556 us
1116 5505 1144 5558 tn
1192 5497 1264 5550 coui-
1288 5495 1448 5551 leedimnlt
1477 5495 1498 5546 1.
1521 5493 1705 5563 bestoettisten
1730 5495 1845 5560 Vas-amp
1868 5491 1902 5544 sta
1917 5505 2009 5570 *anna

331 5588 441 5655 multis,
461 5587 514 5642 nisi
534 5589 586 5656 jana
606 5585 704 5641 nobilis
723 5589 775 5652 sit,
794 5588 928 5648 nobilibus
954 5599 1039 5640 tanen
1058 5589 1145 5658 aequi.
1196 5583 1274 5635 tntu.
1292 5581 1333 5636 lit.
1351 5579 1572 5642 Hele-Geticum
1593 5577 1636 5630 ubi
1658 5579 1686 5629 in
1706 5593 1802 5640 genere
1817 5575 1930 5626 dicitur:
1949 5571 2013 5624 Eris

329 5659 447 5752 pa'retur.
461 5671 526 5726 lndc
546 5672 575 5726 in
591 5657 694 5746 'nostris
713 5671 861 5754 privilegiis
871 5681 897 5726 et
910 5671 1142 5754 constitutionibus
1185 5667 1268 5742 jeder
1280 5665 1416 5722 bnndsms
1426 5666 1484 5720 rand
1497 5665 1669 5720 Belsdnetea.
1683 5664 1756 5732 Quae
1771 5658 1904 5714 tenende
1919 5671 2015 5710 eaesae·
2033 5723 2036 5734 Ι
