4464 6206
255 307 311 364 bct

722 301 770 355 DE
789 301 972 358 nntnctcto
991 299 1099 358 NOVIS
1118 296 1262 356 tttttssts
1280 313 1341 354 ιτα.

1788 300 1842 354 tce

149 379 184 430 Η
233 407 272 460 Et
285 405 308 457 si
326 399 396 455 torte
412 403 487 450 antes
506 393 593 448 dictos
616 389 751 448 codicillus
770 396 856 448 adbuc
874 416 921 466 pro
939 397 1023 451 santo
1045 442 1047 446 .
1072 399 1150 459 daca,
1170 395 1218 448 sub
1238 397 1284 444 bac
1302 393 1471 457 conditione,
1490 394 1511 447 si
1532 395 1668 448 ltonestaro
1699 393 1842 448 stationem
1862 393 1894 446 ad

205 493 387 547 declararetur,
397 493 457 536 tune
465 481 490 531 2.
501 479 600 549 opponi
614 479 835 549 poteritexceptio
849 481 929 538 iactae
940 494 1024 536 trans·
1044 453 1048 487 ¹

204 573 312 630 scticois
325 587 375 620 con
390 564 515 634 inspectis
529 564 623 616 tabulis
638 565 804 626 testamenti,
817 567 946 634 siquidem
962 566 1024 617 hm

206 643 334 726 exceptio¹
352 652 384 705 ad
411 647 612 717 impugnandam
640 649 840 700 transactionem
867 651 1023 715 “neq-,pm

207 739 327 798 adbiberi
347 744 436 806 potest,
454 732 471 784 i.
483 733 517 784 de
529 729 570 782 tais
586 729 786 782 controversiis
797 730 823 780 3.
830 728 870 796 ff.
884 731 915 783 Δ,
935 741 1024 784 pram.

152 832 190 885 12
207 838 259 882 oct.
277 835 303 876 et
320 821 358 873 ibi
377 820 402 871 d.
421 815 447 868 d.
466 815 532 868 Cum
550 827 578 866 et
596 831 636 866 res
653 815 764 880 judicata
778 831 829 866 ason
844 815 969 882 insqcctis
983 827 1020 868 ta-

206 911 276 964 bulis
294 903 459 959 rescindatur
476 898 495 948 i·
515 899 560 948 11.
575 913 617 966 pr.
635 895 677 963 Ι.
705 898 738 950 de
761 908 867 962 except.
895 898 943 954 ω’,
964 899 1023 966 jud,

152 996 189 1050 13
208 993 237 1044 id
256 988 325 1060 quod
344 1003 396 1038 nou
416 984 444 1034 in
464 979 574 1034 iasonem
603 981 804 1049 legatariorum,
821 981 866 1032 sed
885 982 913 1032 in
931 985 1022 1038 odium

206 1076 330 1138 illorum,
349 1070 393 1138 qui
412 1067 541 1120 occultant
560 1075 755 1129 testamentum,
773 1065 959 1131 introductum,
974 1069 1024 1118 ln·

155 1161 192 1214 il
211 1167 264 1210 ton.
281 1155 373 1206 Faber.
391 1149 517 1204 rationnt.
534 1149 573 1202 od
589 1148 608 1199 i.
626 1149 651 1199 6.
664 1145 697 1213 Ι.
710 1149 742 1201 de
761 1157 892 1202 tremant.
912 1147 945 1200 Et
964 1149 1023 1204 licet

209 1241 254 1293 bic
272 1240 456 1308 replicaretur,
476 1242 660 1284 testamentum
678 1231 727 1282 hoc
744 1233 853 1284 omnino
872 1232 1023 1300 productum

1072 476 1268 530 sustentandam
1289 491 1395 526 uxorem
1411 477 1468 529 illic
1490 476 1538 528 loci
1557 476 1678 530 obtinere
1702 489 1807 546 posset;
1832 480 1932 546 pen-2

1072 557 1151 610 deute
1171 559 1217 608 bac
1241 559 1395 610 conditione
1421 561 1539 612 Susanna
1564 561 1596 610 ad
1622 561 1728 613 illicitos
1755 551 1892 630 s'rnplcsus

1071 641 1182 692 admisit
1200 642 1341 694 studiosum
1356 643 1493 710 quemdam
1514 644 1540 693 ta.
1553 663 1566 694 a
1579 659 1699 712 quocum
1714 647 1894 714 impraegnata

1073 727 1229 792 suscepisset
1247 721 1351 787 illisam,
1372 727 1441 778 bunc
1460 727 1487 778 io
1507 727 1638 779 academia
1658 729 1693 778 ll.
1710 730 1851 790 convenit,
1864 739 1892 782 ut

1071 817 1115 858 aut
1134 807 1238 876 nuptias
1255 824 1342 860 secum
1361 821 1569 872 consummaret,
1588 821 1630 860 aut
1649 811 1735 862 dotem
1754 810 1891 874 daret3ob·
1909 832 1926 882 ³

1073 891 1153 944 tinuit
1172 908 1231 943 tero
1252 908 1296 962 per
1322 892 1478 944 sautentiam
1505 895 1561 961 plus
1585 909 1661 961 quam
1689 893 1784 961 petiit,
1812 909 1847 944 sc.
1867 903 1895 944 ut

1072 975 1207 1026 studiosus
1226 975 1269 1024 ille
1289 975 1388 1027 insitus
1408 975 1459 1044 ipsi
1478 973 1647 1026 matrimonio
1660 977 1826 1040 jutsgereturc
1846 990 1890 1024 nu·
1908 991 1927 1042 p

1072 1056 1135 1125 ptils
1148 1059 1359 1119 =consummatis,
1379 1068 1453 1126 pater
1474 1057 1608 1108 Susaunsc
1634 1058 1817 1125 praetendebat
1846 1056 1889 1109 be·

1073 1133 1196 1188 rusticium
1218 1137 1299 1200 illud,
1318 1139 1385 1207 quoal
1405 1136 1464 1189 aliis
1482 1138 1582 1189 cisibus
1609 1137 1642 1206 Q.
1667 1137 1815 1205 competit,
1842 1137 1893 1190 sci·

1072 1221 1134 1272 lieet
1152 1221 1263 1274 liberam
1283 1221 1424 1274 coctionem
1454 1223 1579 1275 cresisise
1604 1222 1711 1286 alicuius
1737 1219 1892 1287 nuptialiis,

209 1322 306 1388 iulum,
325 1322 386 1372 dnm
405 1315 494 1371 statim
519 1314 553 1366 ab
578 1314 654 1366 initio
681 1314 747 1366 ants
772 1315 917 1381 adjectum,
943 1334 973 1367 ac
991 1316 1023 1370 de
1070 1301 1555 1374 etnessreyeuanoctuis-Braneus,
1574 1303 1893 1356 ucaeumordiusriomu·

206 1404 412 1476 ejussaliditate
429 1409 621 1452 controversum
641 1397 688 1458 site
716 1395 795 1465 probe
826 1405 911 1448 tamen
936 1400 1021 1450 cousi·
1072 1405 1133 1438 ¹¹0st
1150 1408 1164 1441 Ι
1184 1399 1274 1441 11111ῑῦ
1294 1390 1322 1440 ic
1341 1391 1442 1459 nuptiis
1459 1387 1550 1441 offerti
1577 1385 1671 1448 ⁸0ii²03
1697 1385 1760 1436 hiss⁰
1784 1403 1889 1451 11111111·
1909 1417 1927 1468 5

207 1489 350 1543 derandum
371 1487 414 1539 bic
436 1494 494 1547 est,
520 1480 587 1550 qood
613 1479 716 1549 quando
744 1487 771 1530 et
791 1491 971 1532 testemonium
996 1492 1022 1535 οι
1072 1471 1160 1524 baturc
1178 1491 1210 1524 an
1223 1473 1256 1525 cb
1275 1474 1381 1541 nuptias
1399 1471 1545 1525 inordinate
1560 1480 1706 1523 contractas
1731 1465 1889 1522 beneficium

207 1572 345 1629 codicillus
370 1571 479 1632 adsunt,
499 1577 559 1618 sunt
576 1563 725 1615 codicillum
740 1580 786 1630 pro
798 1579 869 1632 perte
881 1576 907 1615 et
921 1567 1022 1632 sequela
1072 1552 1120 1604 b⁰⁰
1139 1555 1305 1614 praetendere
1323 1551 1425 1624 possit?

209 1655 355 1710 testamenti
375 1651 543 1720 reputandum
564 1661 633 1710 esse,
650 1645 671 1698 l.
687 1643 793 1716 quidem
815 1647 856 1697 11.
873 1644 908 1713 ff.
922 1649 953 1699 de
961 1648 1022 1716 jura

1106 1633 1234 1706 Equidem
1249 1653 1370 1708 praesens
1384 1635 1581 1688 matrimonium
1603 1637 1689 1706 potins
1706 1634 1784 1698 odio,
1810 1651 1887 1703 quam
1908 1659 1927 1713 3

157 1752 193 1804 15
210 1741 268 1793 003,
279 1749 299 1791 ς,
313 1733 416 1810 Μ]
427 1743 532 1787 sestam,
550 1747 640 1800 quom.
658 1745 731 1799 aper,
749 1731 808 1782 Jam
829 1745 886 1783 'ero
899 1746 1021 1799 prum,
1073 1716 1161 1770 fusore
1179 1719 1287 1788 dignum
1306 1718 1422 1782 ridetur,
1442 1719 1503 1770 dum
1519 1719 1653 1784 Susanna,
1668 1721 1796 1790 pendente
1808 1719 1892 1779 aattaue

210 1823 347 1876 codicillus
373 1833 513 1886 numquam
526 1831 586 1867 ante
598 1813 796 1866 transactionem
810 1815 961 1880 productus,
976 1817 1021 1867 sed
1072 1802 1242 1866 ⁰⁰⁰¹¹iii⁰⁰⁰s
1259 1813 1286 1856 ²²
1313 1805 1349 1854 iit
1370 1802 1518 1855 ⁰⁰⁰i⁰¹¹¹³
1541 1803 1629 1870 prisco
1649 1819 1747 1871 ⁵tt0fl³0
1766 1803 1891 1865 iibmils

210 1907 300 1978 potius
317 1902 403 1956 studio
421 1902 518 1955 celatus
537 1897 600 1963 tuta,
619 1907 645 1950 nt
662 1899 698 1949 ita
717 1897 769 1948 dici
785 1915 835 1950 uon
851 1899 943 1966 possit,
954 1900 1024 1968 quod
1073 1889 1175 1956 copiam
1194 1886 1233 1937 ⁸⁰5
1252 1886 1328 1939 ’iiiii
1349 1885 1422 1952 imile
1442 1887 1521 1948 1111οι
1539 1897 1568 1937 ⁰²
1586 1895 1613 1937 ⁰¹
1630 1885 1736 1955 cmiii·
1756 1883 1822 1937 itti!
1842 1884 1895 1938 iue-

211 1993 345 2058 intcgrum
366 1995 546 2038 testsmeutum
571 1981 726 2051 productum
753 1979 844 2043 luerit,
866 1983 938 2049 cuitu
965 1999 1024 2050 pm
1074 1967 1126 2029 rit,
1147 1967 1173 2017 id
1191 1967 1260 2036 qstod
1281 1987 1329 2038 pro
1347 1971 1434 2038 specie
1453 1969 1579 2020 adulterii
1599 1967 1773 2038 reputandum
1793 1969 1892 2032 est,si·

209 2073 358 2127 adaersaaio
375 2071 476 2129 celata,-
495 2067 576 2137 pastis
594 2083 655 2119 sero
673 2066 764 2117 eatena
790 2065 858 2117 ratio
883 2076 937 2128 est,
961 2083 1026 2134 quae
1073 2052 1180 2122 quidem
1201 2054 1264 2104 satis
1284 2061 1392 2108 sactum.
1412 2053 1580 2122 quodetiam
1601 2053 1628 2104 io
1648 2069 1769 2122 sponsam
1790 2052 1893 2104 adulte·

214 2157 290 2211 totius
307 2155 325 2207 i.
343 2171 413 2223 quoe
430 2150 465 2204 dc
483 2160 538 2204 toto
557 2148 599 2201 16.
611 2144 651 2215 Ι.
669 2145 702 2198 dc
719 2164 741 2199 r.
759 2161 788 2196 st.
810 2145 839 2199 Et
852 2162 913 2197 sane
926 2155 1025 2199 certum
1074 2141 1143 2187 tium
1162 2137 1351 2199 ⁰⁰¹¹¹¹⁰il¹⁸¹⁰lt
1364 2135 1382 2186 i·
1397 2138 1442 2189 ¹³·
1460 2143 1480 2198 l·
1496 2131 1648 2202 ³·fficdi.
1657 2135 1709 2206 jul.
1730 2134 1762 2185 dc
1784 2134 1890 2188 aridate.

160 2249 197 2302 13
213 2255 267 2308 est,
284 2240 354 2315 quod
372 2241 396 2292 si
423 2253 465 2290 cca
490 2231 591 2304 aliquid
610 2235 642 2284 dc
659 2231 711 2284 hoc
735 2227 857 2282 codicillo
877 2245 922 2280 teu
942 2232 1027 2300 legato

211 2327 343 2390 aetuans,
362 2325 406 2378 illa
427 2337 558 2390 nunquam
578 2333 626 2387 per
645 2314 846 2369 transactionem
868 2321 968 2365 tantum
981 2313 1025 2365 ob·

212 2414 331 2474 tulisset,
349 2407 479 2475 siquidem
500 2420 551 2456 nun
571 2400 717 2453 necessario
727 2415 792 2468 opus
806 2398 931 2450 babuerat
943 2409 1025 2450 trans·

211 2498 336 2550 sctiouem
357 2492 434 2546 talem
453 2488 537 2552 inire,
556 2485 618 2536 dum
637 2485 724 2535 nullus
743 2479 923 2532 haereditatem
951 2489 1026 2532 testa·

212 2579 369 2633 nectariam
389 2575 440 2644 ipsi
458 2571 575 2624 adimere
594 2577 706 2640 poterat,
727 2563 935 2626 considerando,
960 2561 1027 2631 quod

215 2674 319 2718 teststor
337 2680 388 2714 non
407 2673 535 2726 tamquam
554 2655 620 2707 citis
637 2652 800 2716 lubecensis,
824 2650 869 2702 sed
898 2662 1028 2719 tamquam

214 2748 279 2801 ciris
314 2739 555 2808 brandenburgica
591 2746 697 2790 testatus
731 2733 841 2796 suerit,
878 2741 969 2802 utpote
1000 2733 1028 2783 iu

212 2847 264 2898 quo
290 2825 423 2880 territorio
441 2819 606 2875 domicilium
624 2835 698 2870 suum
725 2816 849 2869 babuerat
868 2826 895 2866 et
913 2817 1029 2868 decesse-

162 2908 198 2959 1'i
216 2925 267 2976 rat;
301 2913 354 2978 jam
378 2918 466 2963 autem
500 2904 565 2958 ciris
592 2900 834 2970 braualenburgicus
867 2901 939 2952 nullo
964 2901 1029 2963 iuris

213 2997 299 3050 colore
317 2993 348 3045 ad
367 2993 421 3059 jura
440 2986 585 3042 lubecensia
610 2987 747 3053 obligatus,
764 2985 819 3036 dici
844 2985 954 3054 poterit,
973 2987 1028 3052 jura

216 3081 288 3133 enim
306 3075 419 3144 originis
437 3089 486 3144 per
511 3071 708 3123 translationem
732 3066 845 3119 dominii
873 3067 970 3118 mutari
998 3083 1030 3118 ex

164 3156 199 3207 ¹⁸
216 3161 373 3216 Germaniae
382 3160 408 3211 iu
419 3154 535 3210 moribus
543 3151 660 3206 couiesso
669 3160 717 3204 est.
726 3149 832 3202 (icilius
845 3149 863 3200 l.
876 3150 901 3200 2.
912 3151 968 3201 cis.
986 3150 1028 3202 33.

214 3260 241 3301 et
257 3247 318 3300 inde
330 3245 448 3315 exceptio
462 3259 512 3294 non
527 3240 576 3293 sisi
590 3237 687 3306 integri
703 3234 857 3289 testamenti
871 3245 933 3286 ante
947 3244 1032 3285 traus-

162 3332 198 3384 19
216 3335 344 3390 actionem
365 3333 407 3383 bie
423 3345 525 3396 quoque
541 3321 683 3376 obtinebit.
702 3319 824 3389 Denique
841 3319 961 3386 exceptio
979 3315 1031 3370 doli

216 3417 374 3473 subsidiaria
393 3413 444 3484 ipsi
464 3410 543 3478 objici
564 3406 678 3478 poterit,
691 3405 753 3456 dum
775 3403 820 3456 iile
839 3401 907 3454 hunc
925 3399 1032 3452 codicil-

213 3503 271 3554 lum
290 3500 378 3554 studio
398 3495 512 3557 reticuit,
532 3505 671 3560 antequam
693 3487 835 3541 transactio
855 3485 934 3548 iacta,
953 3493 980 3536 et
999 3503 1032 3537 ne

161 3571 197 3623 ²⁰
216 3585 269 3637 uilo
286 3583 393 3654 quidem
411 3580 490 3633 serbo
508 3578 564 3641 eius
584 3573 744 3627 mentionem
764 3570 910 3623 leniciam
929 3577 1030 3630 autem,

216 3687 274 3724 cnm
295 3679 354 3738 post
375 3664 572 3719 transactionem
597 3675 689 3714 cosam
714 3672 748 3709 cx
772 3656 820 3707 ilio
844 3654 971 3706 actionem
991 3654 1032 3705 ic·

215 3762 313 3807 tentare
330 3751 409 3814 velit,
429 3751 487 3800 sine
505 3747 585 3798 dubio
601 3745 669 3807 iuris
688 3743 749 3801 erit,
771 3737 840 3810 quod
862 3739 884 3789 si
904 3736 964 3789 dolo
982 3737 1027 3786 ad-

214 3836 323 3892 scrsarii
342 3839 514 3886 iustrumenta
532 3828 662 3882 occultata
688 3821 805 3884 inerint,
829 3831 857 3872 et
879 3820 912 3872 ita
942 3830 1026 3873 trans·

214 3921 280 3973 actio
304 3918 380 3978 inita,
398 3917 527 3967 actionem
548 3913 586 3964 sel
605 3909 787 3977 exceptionem
808 3904 861 3957 doli
880 3913 967 3955 contra
985 3901 1029 3954 ad-

216 4003 360 4057 versarium
378 4002 463 4053 locum
483 3995 619 4059 iuvenire,
638 3995 656 4047 i·
674 3991 723 4046 rub
739 3999 885 4058 praetextu
907 3988 947 4038 19.
960 4001 986 4038 c.
997 3984 1030 4036 de

162 4073 196 4124 ²¹
216 4095 347 4140 transcant.
367 4081 492 4152 inprimis
503 4095 562 4130 curn
579 4077 696 4146 exceptio
714 4073 766 4126 doli
795 4069 962 4140 semper‚ubi
977 4069 1028 4120 ini·

217 4189 267 4240 qua
286 4181 325 4222 est
344 4169 447 4239 petitio,
466 4163 564 4234 oppoui
594 4170 688 4231 quest,
707 4156 770 4208 13.
790 4161 811 4217 ς.
830 4149 906 4220 11.Ι.
925 4150 1029 4204 dodoi.

218 4254 396 4320 mudeuurt.

254 4338 324 4390 llinc
342 4329 467 4388 concludo
483 4340 509 4384 et
528 4329 595 4382 banc
614 4323 793 4394 exceptionem
812 4319 861 4372 boc
878 4317 906 4372 in
925 4328 1030 4372 casual-

219 4419 373 4476 tendendam
393 4433 458 4470 esse.

479 4548 500 4603 C
522 4549 540 4600 b
563 4550 581 4601 S
599 4547 622 4601 lJ
643 4547 661 4600 S
698 4545 769 4596 ΧΨ.

222 4689 260 4740 De
277 4683 406 4739 beneficio
424 4681 496 4737 nosis
514 4677 615 4747 nuptiis
634 4691 680 4745 per
698 4681 816 4727 statutum
835 4669 982 4730 coniuncto,
1001 4687 1032 4722 an

255 4770 379 4822 debeatur
396 4761 467 4817 tiliae
487 4771 621 4832 stupratae
639 4757 739 4826 nuptiis
759 4748 906 4806 insecutis?

463 4899 793 4959 SUMMABIA

225 5057 300 5112 Fncti
309 5055 412 5120 species.
432 5073 460 5107 n.
478 5055 504 5104 1.
520 5068 590 5121 seqq.

226 5141 362 5212 Quaestio.
380 5157 409 5190 ιι.
427 5139 454 5190 ii.

222 5229 354 5280 Rationes
371 5219 522 5276 deiciendi.
534 5237 561 5270 n.
574 5219 599 5270 o.
609 5235 679 5286 seqq.

223 5309 353 5363 Rationes
363 5303 508 5358 decidendi.
524 5321 551 5356 n·
566 5303 609 5355 lii.
626 5315 697 5370 seqq.

169 5447 171 5452 ,
221 5391 378 5448 Conclusio.
398 5407 426 5441 n.
447 5387 491 5440 tr.

188 5585 201 5634 5
226 5491 534 5624 Filiconjnsdamcisis
554 5559 580 5602 ct
603 5547 749 5601 braxatoris
773 5546 913 5600 ceresisiae
930 5547 965 5616 Q.
984 5563 1030 5601 no·

225 5638 297 5692 mine
316 5637 450 5704 Susccna,
469 5636 597 5710 sponsslia
615 5641 781 5690 contraxeset
798 5649 856 5688 cnm
873 5634 965 5702 insece
977 5651 1037 5705 quo·

1075 2219 1094 2271 l.
1107 2220 1133 2270 ¹¹1.
1148 2235 1170 2270 c.
1184 2221 1242 2272 scd.
1256 2217 1304 2270 Cui
1323 2215 1440 2280 accedit,
1456 2217 1525 2287 quod
1543 2217 1735 2268 consummatio
1749 2215 1826 2283 bojus
1839 2235 1893 2269 ma·
1911 2232 1929 2283 q

1077 2303 1197 2355 trimoasii
1217 2301 1337 2354 studioso
1355 2301 1423 2352 baud
1443 2300 1626 2353 consentiente
1645 2297 1710 2350 iacta
1729 2297 1825 2363 inerit,
1844 2299 1890 2370 qui

1076 2387 1160 2452 potlus
1179 2384 1391 2437 constantissime
1407 2382 1584 2448 contradixit,
1603 2381 1677 2444 adeo,
1692 2391 1718 2432 nt
1732 2390 1757 2433 et
1772 2383 1897 2435 minister

1076 2468 1221 2519 academiae
1239 2469 1293 2534 ejus
1308 2469 1362 2518 loco
1375 2467 1573 2534 responsionem
1589 2461 1774 2517 affirmativam
1795 2467 1822 2516 in
1835 2475 1893 2517 actu

1079 2549 1252 2620 copulationis
1271 2549 1380 2600 reddere
1398 2564 1532 2600 necessum
1560 2547 1688 2600 babuerit.
1708 2547 1765 2599 lmo
1782 2563 1814 2599 nc
1834 2547 1891 2616 qni·
1912 2563 1930 2614 ⁸

1082 2635 1142 2686 dem
1162 2631 1227 2684 iacta
1245 2632 1410 2702 copulatione
1427 2647 1484 2684 mm
1503 2647 1551 2701 pro
1568 2644 1648 2682 uxore
1666 2645 1710 2681 sus
1728 2629 1848 2697 agnovit,
1867 2639 1898 2682 ut

1079 2719 1113 2770 ita
1132 2717 1266 2768 oruicatio
1287 2715 1393 2785 politica
1412 2732 1437 2785 q.
1456 2715 1488 2768 ad
1508 2724 1673 2784 praesentem
1685 2729 1772 2765 casum
1787 2728 1896 2764 ccccx·

1079 2800 1205 2853 tendenda
1225 2799 1360 2864 rideatur,
1378 2799 1501 2867 quoniam
1520 2798 1564 2849 illa
1585 2797 1673 2868 procul
1691 2796 1771 2847 dnbio
1789 2795 1822 2848 de
1843 2815 1897 2850 ma·

1080 2883 1204 2936 trimonio
1223 2899 1297 2934 more
1313 2883 1460 2936 clarlstiano
1479 2881 1616 2944 inchoato,
1634 2895 1664 2930 ae
1682 2877 1796 2948 perlecto
1814 2879 1899 2948 loqui·

1080 2978 1140 3029 turs
1158 2966 1235 3020 serbo
1252 2967 1323 3018 esaim
1343 2967 1427 3019 statuti
1456 2966 1550 3018 stricte
1568 2960 1738 3032 explicanda,
1757 2971 1781 3011 et
1800 2961 1829 3012 in
1849 2973 1899 3014 ter·

1083 3049 1164 3100 minis
1183 3047 1293 3118 proprie
1311 3049 1348 3101 ita
1367 3046 1548 3116 loquentibus,
1566 3045 1658 3114 Carpe:
1675 3063 1700 3112 p.
1715 3045 1740 3095 3.
1751 3059 1773 3095 c.
1788 3045 1831 3095 31.
1845 3043 1899 3112 defi

1082 3129 1128 3184 tr.
1149 3145 1177 3180 n.
1197 3130 1224 3180 3.
1242 3138 1268 3182 ct
1286 3130 1320 3180 de
1337 3129 1469 3180 communi
1488 3146 1536 3180 osu
1555 3127 1680 3196 loquendi
1699 3135 1795 3178 statuta
1815 3127 1898 3178 inter·

1084 3211 1219 3282 pretends,
1239 3209 1363 3264 Attum.
1382 3211 1513 3262 llascard.
1531 3208 1563 3262 de
1576 3212 1715 3277 interpret.
1732 3217 1793 3260 stnt.
1812 3209 1897 3262 conci.

1083 3297 1111 3344 3.
1122 3313 1149 3346 n.
1161 3293 1205 3346 31.
1225 3292 1383 3347 Communis
1400 3304 1488 3345 autem
1504 3309 1564 3344 nsus
1577 3292 1683 3360 nuptias
1697 3291 1830 3359 legitimas
1842 3309 1899 3360 sup-
1918 3305 1936 3355 p

1084 3379 1177 3446 ponit,
1195 3378 1249 3428 imo
1267 3376 1337 3428 idern
1358 3386 1398 3429 cst
1416 3377 1444 3426 in
1462 3377 1529 3442 inre,
1548 3393 1599 3427 non
1618 3371 1688 3437 fieri,
1706 3375 1744 3425 rel
1765 3390 1815 3423 non
1835 3373 1900 3441 legi·

1083 3461 1149 3512 time
1167 3457 1236 3512 fieri.
1254 3460 1270 3510 l.
1289 3457 1393 3530 quoties
1409 3458 1436 3510 o.
1451 3455 1486 3524 ff.
1498 3457 1544 3526 qni
1560 3455 1654 3511 sctisd.
1672 3472 1730 3524 cog.
1756 3455 1900 3527 'l'iruquell

1088 3544 1124 3596 aad
1141 3542 1171 3594 ll.
1183 3541 1304 3594 connui.
1329 3540 1419 3593 Gloss.
1433 3543 1456 3592 1.
1467 3557 1494 3606 p.
1508 3540 1533 3592 3.
1548 3557 1575 3592 ιι.
1588 3540 1635 3590 tc.

1121 3627 1167 3675 Ast
1184 3642 1244 3678 sero
1262 3641 1320 3676 curn
1341 3623 1548 3675 ‹lecantatissimi
1568 3623 1633 3689 luris
1656 3621 1710 3684 sit,
1726 3620 1794 3690 qnod
1810 3621 1897 3676 matri·
1919 3645 1954 3695 ¹0

1083 3707 1200 3760 monium
1221 3708 1380 3775 subsequens
1398 3706 1467 3759 tollat
1488 3706 1575 3757 omniu
1596 3704 1658 3756 sitia
1678 3703 1858 3774 praecedentia
1871 3721 1895 3758 c.

1081 3799 1160 3842 tanto
1178 3790 1204 3841 iia
1222 3791 1253 3841 Χ.
1271 3787 1389 3858 qnifiis't'
1410 3789 1466 3840 sint
1490 3788 1561 3859 legit.
1581 3786 1645 3840 adeo
1662 3796 1691 3838 ut
1711 3787 1803 3838 liberis
1822 3799 1896 3840 entes
1919 3813 1953 3864 ss

1082 3875 1152 3926 natis
1171 3875 1353 3925 testimouium
1374 3872 1480 3924 concedi
1507 3872 1607 3942 possit,
1639 3872 1713 3939 qussi
1740 3887 1773 3923 ex
1789 3874 1858 3938 justo
1877 3881 1902 3924 et

1084 3958 1206 4025 legitimo
1224 3956 1395 4008 matrimonio
1414 3953 1466 4008 nati
1487 3966 1591 4017 essent,
1611 3953 1706 4023 Carpo.
1722 3975 1748 4024 p.
1763 3955 1788 4006 3.
1800 3971 1859 4024 cop.
1872 3953 1899 4005 3.

1081 4040 1137 4108 def.
1150 4041 1192 4091 tc.
1211 4040 1314 4090 Mevius
1331 4057 1359 4106 p.
1379 4039 1404 4089 3.
1421 4040 1478 4091 dec.
1498 4038 1541 4088 37.
1562 4038 1591 4089 ld
1608 4038 1676 4106 quod
1703 4049 1729 4090 et
1760 4035 1878 4107 procedit
1889 4073 1897 4099 ,
1919 4059 1956 4110 12

1079 4125 1183 4179 ctismsi
1202 4123 1335 4192 copulatio
1352 4123 1375 4174 si
1397 4121 1463 4174 iacta
1483 4120 1578 4185 inerit,
1598 4123 1660 4173 dum
1688 4121 1751 4174 laten
1774 4119 1900 4172 ellectum

1080 4208 1243 4262 matrimonii
1263 4207 1354 4258 tollere
1371 4221 1530 4274 nequaquam
1551 4213 1649 4274 potest,
1667 4202 1732 4257 lacta
1752 4205 1825 4255 enim
1846 4201 1899 4254 init

1081 4294 1181 4364 praesia
1201 4306 1293 4344 esusac
1312 4289 1482 4356 cognitione,
1501 4298 1526 4338 ct
1545 4287 1694 4340 auctoritate
1710 4286 1839 4354 judiciali;
1852 4301 1898 4338 nec
1919 4311 1955 4363 13

1081 4375 1179 4442 reiert,
1197 4389 1287 4426 utrum
1308 4370 1441 4424 studiosus
1460 4369 1564 4440 ipsein
1583 4381 1639 4422 cetu
1657 4368 1849 4438 copulationis,
1866 4383 1898 4418 an

1080 4475 1140 4515 sero
1159 4459 1276 4516 minister
1292 4454 1438 4507 academiae
1448 4456 1505 4518 ejus
1518 4455 1574 4507 loco
1592 4454 1619 4504 in
1637 4452 1826 4504 contumaciam
1840 4467 1899 4503 son·

1082 4563 1185 4598 „naum
1204 4561 1280 4596 naum
1299 4538 1488 4602 alectoraserit,
1506 4539 1627 4604 quoniam
1641 4537 1688 4588 ilie
1709 4537 1758 4586 boc
1776 4537 1900 4587 mandstc

1084 4629 1179 4698 judaeis
1198 4627 1276 4690 lenite
1294 4622 1390 4693 judicis
1416 4629 1502 4674 autem
1529 4619 1625 4672 iactum
1643 4629 1763 4670 censetur
1780 4634 1838 4670 esse
1862 4617 1900 4667 la·

1083 4723 1153 4765 ctum
1170 4711 1267 4779 partis.
1285 4725 1339 4776 arg.
1356 4706 1372 4758 1
1387 4705 1430 4756 13.
1443 4721 1466 4756 c.
1480 4704 1511 4756 tie
1523 4703 1603 4756 erict.
1628 4701 1720 4754 Klocb.
1739 4703 1795 4756 vot.
1814 4703 1901 4754 concl.

1084 4796 1128 4847 33.
1152 4811 1226 4848 num.
1254 4790 1297 4842 13.
1316 4787 1379 4842 cdd.
1406 4787 1578 4856 Harppreciat.
1597 4784 1636 4838 cd
1654 4785 1724 4838 rubr.
1746 4783 1833 4835 itasta't.
1857 4786 1899 4836 ts't.

1084 4880 1118 4932 ate
1144 4879 1220 4942 nup‘t.
1246 4874 1307 4924 133.
1329 4871 1376 4922 t'ui
1396 4888 1472 4942 porro
1489 4887 1541 4922 non
1560 4867 1727 4930 adserantur,
1744 4866 1813 4936 quod
1834 4865 1897 4921 iacta
1917 4899 1952 4950 Η

1085 4961 1271 5014 benedictione
1288 4957 1441 5010 sacerdotali
1459 4971 1538 5008 nosue
1558 4953 1669 5006 maritos
1688 4951 1807 5004 debitum
1835 4969 1896 5007 con-

1083 5047 1169 5114 jugale
1186 5053 1316 5116 praestare
1335 5057 1386 5092 non
1403 5036 1526 5102 soluerits
1555 5053 1613 5088 eum
1632 5046 1657 5087 et
1680 5032 1789 5086 effectos
1809 5039 1898 5088 matri-

1048 5115 1052 5124 ’
1086 5131 1168 5183 monii
1189 5130 1216 5180 io
1236 5127 1312 5196 pleno
1338 5124 1426 5192 rigore
1451 5129 1568 5183 maneat,
1594 5117 1699 5170 etiamsi
1731 5119 1898 5185 desponsatam

1083 5231 1139 5267 earo
1159 5214 1186 5264 ic
1205 5217 1289 5266 totum
1315 5207 1431 5268 deserat,
1461 5203 1526 5255 adeo
1555 5209 1586 5252 ut
1608 5215 1703 5270 sponsa
1727 5213 1902 5268 consequatur

1084 5295 1224 5365 pristinam
1242 5289 1484 5351 existimationem,
1503 5286 1601 5337 macule
1626 5301 1674 5354 per
1700 5285 1898 5335 matrimonium

1086 5379 1190 5446 penitas
1208 5387 1332 5444 purgato,
1350 5375 1422 5423 sicot
1439 5372 1469 5420 in
1495 5367 1617 5420 terminis
1638 5367 1716 5420 tradit
1734 5365 1826 5433 Carpo.
1838 5367 1895 5439 J'pr.

1084 5460 1145 5514 ecci.
1163 5461 1181 5512 i.
1200 5459 1226 5510 2
1250 5455 1306 5526 dgfi
1337 5455 1398 5507 tot.
1433 5469 1505 5507 anns.
1526 5453 1568 5502 13.
1586 5461 1613 5503 et
1642 5467 1711 5518 seqq.
1730 5449 1836 5502 heom
1857 5453 1901 5502 de·

1087 5550 1166 5614 n'aqne
1190 5542 1310 5613 snperins
1327 5538 1440 5607 {adducta
1464 5537 1602 5589 ordinario
1628 5536 1737 5604 politica
1757 5535 1785 5586 in
1804 5552 1901 5603 genere
1921 5569 1956 5619 ,Β

1094 5629 1128 5682 dc
1147 5627 1249 5700 nuptiis
1266 5625 1400 5697 inquunt,
1422 5632 1520 5678 statuta
1562 5637 1624 5677 sero
1647 5635 1680 5674 ex
1704 5621 1762 5689 iure
1785 5627 1920 5680 communi
