4346 6194
413 271 483 326 tuit
945 254 1132 316 ntsrU’rtx.
1153 251 1273 309 xxxttt.
1291 245 1408 304 CAPUT
1426 247 1448 300 1.
1937 235 2049 346 1112ὅῖ

361 369 490 424 filiatione
509 369 561 420 lete
582 362 686 434 prodest
707 369 798 414 contre
815 373 918 410 corner.
942 357 1075 408 Ponenur
1093 353 1184 414 eninr,
1230 347 1315 402 litore.
1332 367 1356 400 c.
1374 347 1417 399 8¹1.
1435 363 1462 398 n.
1480 343 1506 395 tt.
1532 341 1599 396 benc
1622 338 1729 395 deducit
1745 333 1993 402 conclusionem,
2039 396 2040 405 p

362 455 437 506 litent
456 452 538 504 iniere
556 453 626 500 inter
645 459 743 515 potrern
764 455 788 497 et
812 439 900 494 lilium
917 455 998 509 euper
1025 447 1094 490 rtetn
1112 433 1182 488 litie-
1234 431 1361 486 rententie
1379 431 1431 484 lete
1449 430 1478 481 ln
1497 443 1572 480 nure
1591 426 1816 495 nobilitetir,qur
1833 421 1907 492 quir
1929 432 1983 474 ert

362 537 460 596 tionir,
480 545 506 586 et
525 545 612 584 ruotre
633 540 754 600 petrem,
773 528 821 596 qui
840 527 883 578 ltin
903 526 973 576 rolnr
991 533 1030 575 ert
1049 521 1184 592 lepitinnr
1233 527 1306 571 retur
1323 515 1423 570 nobilir
1441 513 1480 567 rel
1492 511 1636 582 ignobilir,
1651 508 1732 564 leniet
1743 510 1785 578 jor
1797 507 1872 560 inter
1886 519 2007 559 necnee

363 619 557 680 contradictor,
575 614 777 684 pronunciatum
798 609 1066 671 intremuerunt
1087 621 1131 656 reu
1148 600 1184 656 ti·
1234 615 1312 668 quant
1332 600 1384 651 lete
1404 598 1432 649 io
1451 611 1527 649 ceute
1548 590 1961 648 rtetnr.Goni.ldenr.e.1'l.
1987 589 2040 641 αἱ,

364 703 449 764 liuto,
469 698 522 750 rite
540 693 614 748 filinae
631 696 710 747 luerit
729 710 776 744 nec
795 710 842 755 ue,
863 702 950 744 temen
971 688 1034 739 brec
1053 688 1184 739 rententie
1235 701 1263 735 ιι.
1284 685 1309 734 3.
1327 679 1371 733 ubi
1391 680 1485 732 itidem
1505 679 1668 749 requiritur,
1685 675 1729 750 (c)
1746 687 1775 728 nt
1792 676 1898 744 alteque
1919 673 2014 726 omni

366 781 487 836 ellectum
506 795 582 832 ruure
602 778 679 830 hebet
699 775 781 846 quced
799 789 902 828 ornner.
920 773 940 824 1.
966 774 991 820 1.
1014 770 1037 833 §.
1050 764 1082 835 s.
1093 765 1135 836 ff.
1153 769 1186 822 de
1235 763 1337 815 lotione
1354 777 1461 825 eornm,
1481 761 1552 814 inter
1569 775 1635 829 quor
1653 759 1784 812 rententie
1809 760 1871 823 teta,
1899 773 1953 808 rer

365 879 473 938 npnnre.
486 863 534 917 trel
550 863 586 913 ol.
600 861 645 913 tit.
669 863 759 913 letum
779 862 850 910 enirn
870 855 915 906 hie
933 865 969 906 est
985 869 1044 904 euro
1065 863 1153 920 putre,
1172 871 1185 902 e
1235 848 1286 912 rit,
1305 847 1370 899 elier
1387 863 1416 900 ea
1437 846 1505 896 citit
1524 845 1627 898 oberret
1651 860 1705 898 non
1724 845 1840 908 rocetir,
1859 846 1937 914 qnia

367 967 418 1019 quo
435 963 509 1000 neure
528 941 665 998 filietionir
683 944 710 994 in
729 957 825 994 omner
848 940 915 991 elice
940 935 1073 988 deriretnr
1096 933 1175 984 etde
1236 947 1290 982 rent
1311 945 1343 981 ex
1363 931 1466 998 integro
1484 927 1641 994 defendere,
1659 926 1699 996 (1)
1717 939 1746 980 ιιι
1768 929 1802 980 lir
1825 927 1865 981 rit
1892 927 2009 995 egitur·

367 1029 484 1092 uendit,
498 1038 524 1079 et
538 1029 601 1077 binc
614 1041 716 1095 qnerpne
735 1025 763 1074 in
778 1023 904 1076 orxnibor
917 1018 1002 1070 courir
1016 1025 1107 1069 contre
1119 1033 1184 1084 qoo-
1236 1013 1356 1079 legitimo
1376 1023 1401 1064 et
1420 1013 1489 1080 jurio
1507 1011 1720 1074 rcutredictore,
1737 1010 1822 1080 quelle
1842 1009 1892 1060 bic
1915 1019 1991 1069 ert,

369 1130 494 1182 ecumque
511 1130 558 1182 pro
577 1113 620 1162 teli
641 1110 782 1162 hebendnr.
802 1108 848 1162 Sic
873 1105 961 1174 ireque
984 1099 1112 1153 iratribur
1130 1102 1185 1152 rnir
1234 1096 1364 1166 primoet
1382 1095 1571 1166 principaliter
1597 1093 1727 1149 interfuit.
1756 1095 1907 1164 Tireqnell.
1942 1094 2041 1146 cicc

370 1195 581 1262 courengoineor
598 1194 661 1244 erit.
674 1193 692 1243 l.
711 1193 736 1244 2.
747 1189 788 1262 ff.
802 1189 863 1242 eod.
881 1205 940 1240 curo
960 1185 996 1237 iir
1013 1184 1146 1247 rnecedit,
1159 1195 1185 1237 et
1235 1178 1260 1231 l.
1277 1197 1331 1249 aeq.
1350 1178 1462 1249 proinde
1478 1180 1523 1248 qui
1543 1177 1656 1231 obtinuit
1670 1189 1696 1230 et
1714 1177 1855 1230 dederetur
1875 1177 1941 1229 luit
1963 1195 2022 1246 pro
2057 1233 2058 1236 ,

369 1281 401 1333 ed
419 1295 509 1331 eorunt
529 1276 714 1328 bnereditetern
734 1277 767 1326 eb
793 1274 917 1324 interteto
942 1267 1136 1332 edroittender,
1155 1277 1183 1319 et
1234 1259 1300 1326 bili,
1318 1271 1408 1314 contre
1427 1278 1517 1314 otuner
1533 1277 1637 1330 quoqne
1655 1269 1738 1314 utetur
1756 1261 1923 1330 exceptione
1947 1263 1993 1311 rei
2016 1261 2027 1328 j

370 1363 392 1416 ri
412 1363 450 1414 rel
470 1361 584 1412 tnexime
602 1359 626 1409 ei
645 1359 764 1427 qneeetio
783 1366 864 1408 rtetot
891 1363 1038 1417 noreetnr,
1058 1352 1187 1405 creditore
1233 1355 1316 1397 cetae.
1338 1348 1436 1398 Verum
1460 1360 1503 1397 rer
1520 1347 1548 1396 in
1572 1345 1638 1397 theri
1661 1343 1769 1414 quidem
1788 1356 1879 1412 certe,
1902 1345 1963 1396 eed

367 1463 418 1514 que
432 1441 608 1496 excludendur
627 1441 658 1492 rit
678 1439 711 1490 eb
730 1438 907 1501 hoereditate,
926 1447 1012 1488 tetoett
1030 1445 1123 1487 contra
1142 1449 1185 1484 eor
1235 1429 1402 1498 Tireqnellnr
1419 1445 1473 1481 non
1493 1430 1558 1480 eetlr
1577 1428 1825 1498 determinet,quir
1845 1427 1977 1495 proprie
1998 1429 2037 1476 eit

368 1539 454 1580 utetur
464 1525 615 1594 exceptione
626 1523 664 1576 rei
680 1523 820 1589 judicetur,
833 1537 886 1571 nco
903 1520 1097 1572 rerborcontre
1109 1532 1186 1586 qnor·
1235 1514 1277 1577 te.
1298 1515 1372 1582 eujcr
1391 1513 1579 1582 principeliter
1598 1515 1721 1574 intersit,
1739 1521 1766 1563 et
1784 1513 1823 1561 ric
1840 1510 2002 1580 legitimnr

368 1627 478 1680 cumque
504 1609 678 1676 imposterum
706 1623 754 1674 pro
781 1623 843 1659 reru
862 1601 919 1658 blio
942 1601 1036 1656 ellectu
1060 1602 1126 1670 jurir
1145 1601 1189 1652 be·
1237 1599 1507 1670 tredictoreppelleri
1527 1599 1617 1668 porrit.
1635 1597 1768 1650 Nobiliter
1784 1601 1935 1648 ertrtetnr
1959 1597 2040 1644 rnexi

371 1695 472 1746 bendur
485 1694 544 1746 erit.
558 1692 636 1742 ttiutt
656 1705 718 1740 rene
737 1704 825 1742 rurrur
843 1687 1083 1749 loretdirentlttrn,
1098 1683 1187 1736 rinno
1235 1684 1370 1754 puhlicur,
1391 1685 1421 1734 ad
1440 1683 1559 1736 decutet
1578 1681 1745 1751 rplentlurero
1764 1678 1834 1747 reip.
1854 1680 2037 1747 pertinens,

371 1795 430 1829 euru
450 1776 507 1845 ipro
524 1786 616 1844 petre,
635 1783 763 1840 remquam
783 1772 998 1841 legitimo-unico
1017 1766 1186 1823 nnteetieto-
1237 1769 1274 1820 ite
1293 1767 1461 1836 potieriutnrn
1482 1765 1595 1835 reipubl.
1614 1767 1742 1826 iuterert,
1761 1779 1794 1814 ne
1814 1761 1962 1831 ignobile·
1984 1780 2016 1814 ee

374 1857 575 1920 re,redlorreu
595 1869 651 1906 curn
671 1855 758 1922 aliquo
777 1871 809 1906 ex
822 1855 924 1924 egnatie
938 1855 1082 1920 egirret,et
1095 1863 1185 1903 contre
1237 1853 1303 1904 biler
1328 1853 1504 1916 mentientur,
1525 1852 1569 1902 retl
1596 1861 1624 1902 ut
1648 1859 1785 1900 eremmete
1809 1857 1835 1898 et
1853 1848 2027 1914 gentilitiae
2043 1851 2067 1898 d'

372 1961 431 1996 enm
449 1941 659 2001 obtinuirtet,nt
676 1936 793 2006 problio
812 1951 875 1988 erret
890 1935 1050 1997 tectuatee,
1065 1936 1104 1984 ric
1115 1936 1186 1986 enirn
1236 1935 1350 2004 gnitater
1370 1935 1397 1985 in
1417 1947 1490 1988 certo
1509 1937 1569 1987 rint.
1583 1932 1660 2003 Quod
1679 1934 1702 1984 ri
1723 1932 1808 2002 itaque
1826 1933 1945 2002 publico
1969 1937 2047 1986 corni
2077 1915 2078 1932 ³

374 2028 494 2096 exceptio
513 2024 551 2076 rei
570 2023 695 2085 indicetne
713 2019 772 2072 elilr
790 2019 890 2086 egnetir
903 2019 970 2078 hecel
990 2017 1186 2087 precindioeret.
1237 2039 1260 2073 r.
1279 2035 1302 2070 c.
1321 2037 1374 2072 ron
1391 2019 1440 2072 der
1457 2015 1666 2085 liitterrelrnffl,
1686 2035 1700 2070 e
1720 2019 1831 2070 rtetibur
1850 2020 2076 2086 provincialium

375 2109 505 2164 tteeend.
522 2111 548 2161 d.
561 2108 579 2160 1.
589 2109 619 2156 r'n
633 2106 651 2156 l.
663 2121 745 2168 coepe
756 2120 818 2173 pen.
822 2099 864 2170 ff
874 2100 908 2158 de
920 2117 949 2154 rr
954 2101 1017 2175 jud.
1032 2120 1058 2153 n·
1071 2100 1115 2151 0⁰·
1235 2103 1276 2156 rel
1293 2103 1327 2156 eb
1345 2103 1470 2155 edrocatu
1487 2101 1551 2154 firui
1570 2101 1677 2164 eidem,
1694 2103 1740 2169 qni
1765 2115 1793 2152 te
1811 2101 1934 2154 nobilern
1960 2105 2078 2168 eeeeeitp

407 2195 429 2259 ς.
450 2191 493 2242 11.
514 2189 655 2240 Ponuntur
673 2185 790 2238 eamdent
809 2185 967 2237 decirionont
981 2199 1052 2238 nunc
1069 2185 1102 2234 ed
1121 2183 1187 2235 elior
1235 2197 1316 2240 etetor
1333 2187 1531 2242 contrnrerriee
1552 2195 1624 2239 erret
1649 2195 1737 2250 ntntt,
1756 2195 1782 2237 et
1805 2193 1899 2238 contre
1929 2187 1989 2239 bor
2009 2191 2087 2246 nitria!

371 2278 456 2331 verior
474 2289 547 2326 cerne
565 2271 705 2338 epplicere.
726 2269 771 2322 ste
789 2269 818 2319 itt
835 2268 986 2337 qneertione
1003 2268 1035 2319 de
1060 2266 1187 2332 leptine-
1237 2272 1353 2333 ttuirret,
1373 2273 1470 2323 merito
1488 2272 1551 2324 heco
1571 2270 1701 2322 rententie
1721 2277 1812 2322 conire
1838 2269 1911 2322 bunc
1938 2275 2089 2325 nonne-li:

371 2361 446 2412 tione
463 2353 644 2416 matrimonii,
663 2363 751 2404 ntrnrn
771 2349 849 2402 lucie
867 2351 901 2401 rit
920 2351 1038 2418 legitime
1056 2365 1135 2408 uxor,
1150 2351 1187 2402 le·
1234 2364 1332 2408 ctorerc
1350 2354 1400 2406 lete
1419 2353 1507 2407 facere
1523 2354 1627 2408 deberet
1641 2354 1682 2420 jur
1695 2352 1882 2414 interorum,
1902 2355 1985 2424 quud
2002 2357 2091 2414 enitet

372 2443 484 2510 gitirnur
501 2435 860 2490 c›otredictorertrneritor.
878 2433 976 2486 Contre
997 2435 1066 2485 hunc
1085 2435 1186 2502 iteqne,
1236 2438 1338 2489 tutione
1356 2438 1424 2490 rerri
1446 2439 1486 2490 rel
1506 2437 1595 2490 liberti
1623 2445 1680 2488 eret
1705 2435 1844 2502 dominor,
1864 2437 1937 2488 illud
1969 2417 2091 2492 urion*

372 2528 395 2578 ei
415 2541 479 2577 uxor
493 2520 627 2580 obtinuit,
642 2517 759 2586 proderit
778 2517 803 2568 ei
822 2516 884 2568 haec
902 2517 1012 2568 victorie
1025 2523 1116 2568 contre
1126 2534 1186 2578 cor.
1237 2519 1338 2572 nobitir
1355 2527 1395 2571 ert
1414 2519 1473 2588 ipre
1498 2521 1623 2590 princepe
1641 2519 1679 2570 rel
1706 2530 1782 2572 etetnr
1807 2520 2008 2588 provinciatir,
2029 2542 2072 2591 po·

372 2609 418 2679 qni
439 2608 501 2670 ille,
518 2623 583 2674 queo
609 2601 733 2654 uxuribur
755 2599 900 2664 debentur,
918 2601 1006 2652 eidern
1033 2602 1187 2654 indubium
1237 2599 1335 2652 biieunr
1362 2613 1595 2671 repeterenterner.
1621 2599 1687 2654 Nem
1714 2603 1737 2653 et
1762 2603 1880 2670 priverni
1913 2602 2073 2658 inciam„

373 2709 465 2746 nocere
483 2692 619 2748 nitenturr
632 2687 651 2739 i.
668 2703 691 2739 e.
710 2685 898 2737 ruccerrinnern
918 2700 951 2734 ex
970 2695 1067 2738 etetuto
1079 2686 1116 2738 rel
1135 2687 1190 2751 lure
1238 2683 1325 2739 iorrnn
1345 2689 1373 2738 in
1390 2689 1442 2739 elie
1460 2704 1536 2739 crure
1554 2687 1649 2740 itidem
1671 2701 1717 2756 pro
1729 2685 1812 2738 nobili
1826 2687 1897 2739 itunc
1919 2703 2072 2756 egnoreerr
2096 2705 2097 2714 ¹

374 2773 518 2844 praetorio,
538 2770 676 2840 privilegie
700 2770 802 2820 retione
826 2767 958 2820 illitorum
984 2769 1010 2821 in
1030 2785 1189 2822 concurrue
1237 2771 1379 2837 oolnirrrt,
1397 2789 1445 2840 per
1464 2773 1622 2826 rententiern
1644 2782 1730 2823 tenteo
1755 2783 1847 2824 contre
1874 2790 1937 2824 eum
1962 2793 2017 2844 pm
2033 2778 2072 2827 „fi
2097 2756 2098 2798 ³

372 2855 548 2908 creditoribur
567 2855 716 2922 itupugoeta
741 2860 793 2901 rit·
812 2848 929 2902 Dubium
952 2851 1053 2918 preriur
1078 2851 1191 2902 occurrit
1239 2855 1383 2910 decleretnr
1402 2865 1488 2920 erret,
1503 2855 1611 2926 publico
1630 2856 1693 2908 inde
1713 2856 1812 2908 cotton
1832 2867 1978 2910 crearetur
2002 2879 2070 2930 pree

372 2941 441 2991 circa
460 2940 502 3004 jur
520 2935 708 2988 ireternitetir.
725 2931 801 3003 Quod
819 2931 843 2986 ei
862 2933 934 2984 eninr
954 2935 1016 2986 taaeo
1035 2934 1063 2986 in
1083 2935 1190 2987 tlubiuru
1237 2941 1375 3008 judicium.
1395 2943 1481 3010 Atque
1499 2941 1550 2993 ltno
1568 2942 1686 3010 pertinet
1715 2942 1882 3010 erenptun,
1902 2945 1981 3011 qnod
2003 2947 2073 2998 Tin.

374 3033 493 3084 tucatur,
515 3019 647 3089 probanda
671 3026 712 3070 ert
733 3019 765 3067 ab
786 3033 833 3079 eo,
858 3017 903 3084 qui
932 3034 960 3069 re
983 3015 1093 3070 iretrcra
1114 3021 1190 3071 elicit.
1240 3023 1905 3093 quintuplum8„dd00113020‚pp00„j„,
1926 3028 2072 3082 mbffimp

375 3105 505 3162 Merurd.
525 3106 557 3158 de
568 3103 644 3171 prob.
657 3102 743 3154 conci.
757 3103 821 3153 8¹³.
835 3101 1007 3172 n.l.Crrpe.
1021 3104 1063 3155 tit.
1082 3106 1105 3154 3.
1121 3120 1189 3168 resp.
1239 3122 1310 3163 nune,
1334 3121 1424 3162 mnne,
1448 3127 1525 3173 eum,
1547 3109 1592 3177 qui
1617 3109 1749 3179 primum
1773 3113 1904 3163 mm„
1933 3113 2069 3176 pubem·

377 3195 420 3248 db.
433 3212 461 3245 rr.
473 3194 498 3244 il.
515 3191 623 3243 Fnlriur
644 3189 770 3240 Pecienur
782 3187 815 3240 de
826 3187 935 3254 probor.
950 3204 974 3238 e.
989 3189 1033 3240 12.
1046 3206 1073 3241 ιι.
1093 3192 1117 3239 1.
1138 3191 1190 3242 uiri
1240 3197 1442 3261 pronunciatum
1462 3202 1534 3256 eret,
1551 3191 1596 3261 qui
1616 3201 1704 3244 ternen
1729 3201 1817 3262 pertee
1841 3193 1929 3246 embit
1951 3195 2071 3250 honeret

375 3280 463 3330 sorren
479 3279 515 3328 eit
527 3277 555 3327 in
574 3275 648 3343 queri
667 3273 831 3340 porrectione
848 3272 1038 3336 fraternitetir,
1052 3291 1116 3342 queo
1127 3289 1192 3326 onnr
1240 3277 1280 3327 rel
1300 3279 1372 3342 jore,
1391 3276 1528 3328 nobilitent
1545 3274 1609 3328 eutii
1628 3275 1734 3344 publice
1752 3275 1853 3328 induti.
1863 3312 1871 3338 ‚
1890 3278 2035 3349 ,rqupdm
2051 3285 2072 3336 ep

378 3362 507 3432 probentli
526 3359 640 3416 deroleit
659 3361 687 3410 iu
706 3359 895 3410 edrerreriunt.
913 3358 1043 3410 Mercerd.
1062 3359 1105 3410 cit.
1123 3359 1140 3410 1.
1165 3375 1191 3410 ιι.
1242 3361 1274 3412 de
1286 3377 1351 3414 noro
1363 3369 1443 3412 eretur
1462 3360 1639 3411 controversie
1660 3357 1766 3426 publico
1788 3361 1897 3411 nornine
1916 3379 2073 3426 moecatur,

381 3447 407 3498 2.
425 3443 594 3498 laeuterbech.
612 3439 646 3492 de
662 3440 981 3508 ring·1'uresrntrrrmp.
997 3441 1022 3490 1.
1040 3447 1061 3501 ς.
1082 3443 1124 3491 tr.
1146 3442 1181 3492 Po
1244 3445 1372 3496 rententie
1391 3455 1464 3496 antee
1482 3444 1534 3494 lete
1548 3444 1575 3494 in
1592 3457 1666 3494 ceure
1686 3443 1787 3510 prirete
1812 3443 1881 3494 nibil
1900 3443 1958 3514 ipel
1983 3453 2073 3518 penate.

381 3547 474 3584 nemnr
494 3545 563 3580 nunc
580 3543 685 3588 cerunt,
702 3541 779 3594 quern
798 3525 905 3576 edducit
925 3525 1050 3578 Pecienur
1067 3527 1111 3575 cit.
1129 3527 1146 3574 1.
1167 3543 1195 3575 n.
1245 3529 1296 3588 rit,
1316 3527 1393 3578 eicuti
1412 3541 1513 3592 quoque
1533 3526 1620 3577 eidone
1649 3539 1744 3576 nonen
1761 3525 1862 3594 nequit.
1883 3527 1929 3580 det
1958 3531 1984 3580 ei
2009 3551 2074 3584 nune

382 3617 408 3669 d·
426 3613 514 3668 ederro
531 3621 674 3674 rtetutnrn,
694 3608 762 3676 quod
781 3619 927 3661 oontreotnr
946 3608 1084 3660 mulierum
1103 3617 1131 3658 et
1150 3610 1198 3658 mi·
1245 3611 1350 3678 quidem
1374 3628 1433 3662 euru
1460 3627 1509 3678 pru
1532 3610 1616 3662 nobili
1643 3609 1776 3662 declereri
1802 3611 1992 3679 turtlingeret,
2016 3617 2074 3671 beee

380 3713 474 3752 norunt
494 3698 553 3748 elne
571 3695 661 3748 trateie
679 3707 807 3744 conrenru
827 3707 878 3742 nnn
903 3690 999 3750 relect.
1018 3701 1042 3741 ol
1066 3699 1195 3765 1010101·-
1246 3695 1352 3762 quidem
1379 3691 1509 3746 cententio
1536 3693 1587 3762 ipri
1609 3691 1745 3761 prndottet
1767 3703 1860 3746 contre
1884 3711 2004 3762 utunee,
2026 3705 2072 3753 eei.

378 3785 500 3853 tiurquir
514 3787 673 3833 conuectum
688 3777 823 3844 impugnet
837 3789 869 3825 ex
883 3791 913 3824 eo
932 3771 1115 3835 tuntinano,
1129 3771 1198 3841 quoti
1248 3777 1317 3846 publ.
1336 3779 1407 3830 enirn
1427 3778 1471 3829 hio
1488 3777 1570 3846 quoetl
1590 3787 1686 3830 rtetnrn
1710 3777 1862 3830 nobilitetir
1881 3781 2075 3852 principaliter

386 3869 496 3922 fratrent
517 3880 569 3915 non
588 3861 695 3921 hebeat,
710 3875 785 3911 roror
802 3867 890 3910 contre
910 3873 937 3908 re
955 3854 1048 3908 fundet
1066 3858 1093 3908 in
1112 3873 1141 3908 re
1158 3859 1198 3924 jn·
1248 3867 1373 3928 interert,
1396 3881 1428 3916 ue
1450 3862 1597 3915 nobilitetir
1623 3863 1738 3931 lurignie
1763 3874 1860 3915 ternere
1888 3883 1902 3915 a
1937 3883 2073 3938 quoquere

381 3947 567 4018 ninere,quod
586 3945 718 4010 Eugeniue
737 3959 786 4013 pro
804 3942 957 4010 lretreejnr
975 3955 1023 4010 per
1040 3944 1197 3994 rententiern
1246 3945 1448 4015 urnrpentur.E
1471 3946 1604 3997 eontrerio
1623 3946 1645 3997 ri
1673 3957 1814 3998 concurret
1839 3946 1910 3998 aliur
1930 3967 2021 4018 ecque
2037 3958 2074 4022 jue

382 4035 528 4090 declaretur
551 4026 739 4095 rit,queertio
761 4034 819 4090 eet,
836 4045 867 4078 an
891 4026 954 4078 brec
982 4027 1100 4094 exceptio
1125 4037 1198 4078 recte
1248 4031 1393 4101 principale
1412 4029 1525 4093 bebeur,
1545 4028 1605 4080 huic
1623 4046 1655 4080 ex
1678 4029 1774 4082 iirdem
1802 4030 1952 4099 principiis
1973 4037 2017 4086 rei
2037 4043 2074 4105 je.

382 4119 426 4171 hio
443 4113 563 4186 opporite
583 4109 734 4164 riti‘lotur
751 4110 914 4178 queertionir
933 4125 1027 4164 nenur
1045 4111 1073 4160 in
1094 4127 1196 4162 eoron-
1246 4115 1345 4166 dicetee
1367 4113 1487 4181 exceptio
1513 4115 1579 4165 bend
1603 4112 1717 4167 nocebit.
1737 4116 1840 4167 Rurrur
1867 4131 1924 4165 rene
1953 4116 2075 4174 declaret

383 4201 470 4264 eirtit,
489 4198 574 4264 an‚ri
592 4193 722 4264 Eugeniue
740 4202 831 4245 contre
852 4210 968 4246 rororern
986 4193 1196 4262 obtinuit,qnod
1246 4201 1365 4267 exemplo
1384 4199 1549 4266 Tireqnellnr
1567 4197 1611 4250 cit.
1637 4197 1655 4247 t.
1679 4215 1705 4248 n.
1725 4199 1753 4249 Ι1.
1772 4197 1810 4249 Ex
1831 4199 1916 4249 tribur
1936 4199 2075 4261 iratribm

380 4286 516 4354 legitimur
535 4283 592 4346 ejur
618 4277 700 4330 t'rater
724 4279 839 4342 rit,'ille
859 4277 937 4331 inerit
961 4277 1076 4345 legitime
1096 4291 1196 4331 contre·
1246 4283 1296 4334 duo
1315 4283 1433 4350 litigent,
1454 4281 1660 4348 primogenitnr,
1679 4284 1724 4349 qui
1743 4281 1892 4350 praetendit
1918 4282 1990 4337 duee
2012 4311 2073 4358 Ρ...

383 4367 489 4423 dictori
504 4367 581 4436 Quod
600 4363 624 4414 ri
642 4365 718 4415 nniee
738 4371 839 4414 tanturn
852 4361 1127 4426 tantummono
1141 4380 1198 4414 eree
1248 4377 1286 4418 ter
1306 4364 1475 4417 haereditarie
1495 4375 1617 4433 peternee
1636 4381 1669 4416 ex
1693 4366 1883 4418 coneoeruttlue
1905 4366 2073 4438 Pictonum,

383 4455 519 4507 exirtirno.
544 4447 616 4500 Licet
634 4447 704 4498 eninr
730 4447 771 4513 jur
796 4444 964 4501 treteenintie
990 4447 1072 4512 coegit
1090 4467 1104 4497 a
1125 4457 1197 4517 petre
1245 4465 1309 4516 quee
1328 4449 1399 4501 inter
1419 4448 1521 4501 nubilet
1538 4444 1624 4498 defert
1642 4447 1820 4517 primogenito
1834 4445 1898 4498 titur
1914 4461 2016 4514 partes,
2031 4459 2072 4510 s..

383 4537 535 4599 dercendet,
556 4544 580 4586 et
597 4531 635 4584 ric
653 4547 699 4598 per
718 4529 870 4584 rententiern
889 4541 976 4584 contre
999 4537 1099 4599 petrero
1119 4529 1197 4584 tauro
1247 4533 1348 4585 crtndur
1367 4545 1455 4600 urget,
1470 4543 1569 4600 petrem
1583 4546 1748 4583 commonent
1769 4529 1850 4580 iniere
1868 4530 2038 4600 ignolrileep⁸
2052 4553 2074 4592 ,t

384 4623 457 4676 iiliur
477 4619 556 4674 rimul
574 4620 630 4685 jure
651 4614 824 4668 treteenintie
843 4624 1017 4684 conrequetnr
1050 4615 1067 4666 1.
1087 4613 1154 4682 W·
1169 4615 1202 4666 de
1249 4617 1287 4668 tie
1306 4616 1445 4683 aequaliter
1463 4614 1633 4667 tltritleurlem
1651 4631 1709 4667 erre
1732 4614 1921 4667 becretlitrtern
1948 4631 2073 4686 praeten-

387 4725 496 4780 ognorc.
514 4705 556 4759 uel
574 4705 610 4758 nl.
628 4701 674 4754 tir.
692 4701 792 4753 Temen
811 4698 833 4753 ri
853 4710 926 4772 peter
945 4697 1067 4763 deficiet,
1086 4718 1138 4752 non
1152 4701 1199 4752 eiii
1248 4699 1297 4752 dit.
1316 4699 1367 4752 Sed
1381 4709 1470 4752 contre
1490 4701 1560 4752 hunc
1578 4697 1695 4751 obtinuit
1714 4699 1922 4768 primogenitus,
1940 4707 2018 4770 qnasi
2036 4727 2075 4776 pe

386 4800 496 4864 porrunt
515 4788 627 4857 legitimi
646 4785 865 4847 contrudictorer,
883 4803 992 4854 quorum
1015 4785 1201 4854 principeliter
1251 4791 1290 4834 ter
1308 4780 1403 4836 iniunt
1423 4781 1537 4844 oobilir,
1556 4792 1583 4834 et
1601 4783 1641 4834 ric
1661 4781 1685 4833 ei
1704 4781 1866 4834 deberentur
1886 4785 1950 4836 clune
1970 4795 2075 4855 portio.

388 4880 517 4939 interret,
535 4869 687 4941 elerigneri,
706 4885 783 4938 quom
802 4867 896 4921 l'retrer
914 4879 939 4922 et
958 4885 1065 4921 rororer.
1085 4869 1142 4919 Hoc
1160 4866 1199 4919 ie·
1251 4882 1305 4918 nee.
1331 4868 1399 4920 Seno
1426 4866 1487 4917 buce
1513 4867 1644 4918 rententie
1674 4865 1858 4934 primogenito
1882 4885 1933 4916 uon
1952 4877 2078 4936 prctleeit

387 4965 437 5015 cile
455 4959 563 5012 interint
582 4963 699 5014 conrtet,
719 4953 875 5004 rententiero
894 4962 984 5002 contre
998 4968 1077 5002 unum
1097 4949 1200 5003 t’rotrern
1252 4959 1340 5002 contre
1361 4951 1468 5002 tertium
1486 4950 1592 5002 frettern
1604 4987 1611 5013 ,
1623 4951 1668 5020 qui
1683 4967 1731 5002 uec
1750 4950 1777 5002 in
1796 4951 1842 5003 lite
1860 4950 1986 5004 bectenur
2005 4955 2073 5023 init,

388 5047 466 5100 lrtaro
493 5061 542 5114 pro
564 5041 681 5108 lepitirnu
706 5036 871 5090 ireteruitete
896 5035 963 5088 'l'itii
991 5035 1051 5086 eliir
1080 5033 1204 5088 iratrilnnr
1253 5039 1357 5104 neojur
1376 5054 1449 5089 enurn
1469 5057 1482 5088 e
1501 5035 1559 5106 jore
1577 5037 1742 5105 litigeotintn
1766 5035 1895 5090 deducere
1915 5037 2009 5106 deber,
2027 5047 2074 5099 seit

390 5146 442 5182 non
462 5124 641 5193 nocere,qoia
660 5123 687 5173 hi
707 5125 747 5186 jue
765 5138 838 5172 ruunt
852 5141 865 5170 e
880 5122 936 5183 inre
955 5117 1045 5170 iretrir
1063 5119 1124 5169 ricti
1138 5117 1205 5169 ltuutl
1253 5120 1324 5188 cuju
1343 5121 1480 5189 repererim
1499 5131 1523 5171 et
1542 5119 1729 5188 principiliter
1749 5121 1869 5172 interest.

386 5213 499 5272 babent,
524 5207 758 5279 qttcrnetlrnotlunr,
785 5206 805 5256 ri
828 5221 895 5256 trnnr
919 5204 1010 5254 licerer
1039 5205 1122 5256 rictur
1147 5203 1204 5264 rit,
1289 5214 1310 5269 ς.
1330 5205 1372 5255 16.
1392 5205 1464 5257 idern
1485 5221 1553 5256 nuno
1572 5204 1649 5256 facile
1666 5205 1793 5272 appliceri
1815 5213 1904 5274 portet
1923 5202 1956 5256 ed
1976 5216 2069 5261 rtetnrn

390 5295 457 5347 ulter
476 5310 536 5346 reru
553 5303 641 5346 contre
661 5287 746 5340 filiunt
771 5287 904 5350 obtinuit,
924 5303 966 5338 rer
985 5285 1094 5352 indicere
1112 5289 1200 5355 tingu-
1255 5289 1377 5343 ciritetie.
1404 5289 1456 5340 Aut
1478 5290 1548 5340 enirn
1576 5289 1741 5357 ntegirtretnr
1767 5299 1851 5341 eretur
1869 5293 2070 5345 contrcrerrieru

390 5383 476 5434 lururn
502 5376 668 5446 litigentibur
687 5383 761 5434 nocet
786 5384 809 5425 et
828 5372 947 5440 prntleet,
967 5389 1017 5423 non
1043 5373 1150 5425 veroin
1170 5391 1208 5427 co·
1256 5373 1333 5425 elicui
1353 5372 1451 5433 morit,
1470 5381 1494 5423 et
1522 5372 1544 5424 it
1570 5383 1658 5423 contre
1684 5389 1743 5422 euro
1766 5371 1899 5436 obtinuit,
1919 5371 1988 5441 quod
2010 5378 2073 5429 ciete

392 5464 516 5518 beeretler
535 5459 655 5512 ellectum
676 5475 752 5511 ruunt
773 5457 883 5509 derirat.
901 5456 918 5507 1.
936 5455 1162 5518 nemotollet.
1183 5460 1206 5510 1.
1257 5456 1332 5522 ltujur
1356 5455 1396 5507 rel
1421 5455 1494 5506 illiue
1519 5454 1637 5507 ciritair
1663 5453 1713 5515 eit,
1733 5461 1758 5506 et
1784 5456 1832 5508 lton
1855 5471 1914 5507 cetu
1934 5469 2018 5509 utetur
2035 5464 2072 5512 rei

383 5549 425 5621 ff.
442 5547 474 5602 de
492 5543 571 5612 inoffi
584 5553 687 5597 restam.
1258 5541 1386 5607 jutlirntee
1403 5539 1556 5608 exceptione
1574 5548 1665 5592 contre
1681 5557 1791 5603 otnuer,
1812 5543 1865 5592 irno
1889 5548 1916 5591 et
1936 5540 1998 5592 eliir
2015 5563 2072 5611 quo·

427 5643 448 5698 i.
469 5633 509 5687 tt.
529 5629 674 5684 Excudent
698 5623 829 5699 principio
846 5623 1013 5694 Tireqnellnr
1031 5621 1204 5677 tndenobi-
1257 5640 1307 5695 que
1324 5623 1386 5678 bee'c
1412 5623 1546 5696 prodesset
1570 5625 1717 5690 rententie,
1748 5623 1827 5679 reluti
1855 5621 1983 5678 teetritnu
2006 5627 2073 5698 ejus,
