4470 6188
724 363 1058 444 utseurarro
1084 367 1309 448 octava

329 572 432 686 bu
470 570 668 686 dudd
704 571 1201 697 subdebantur
1245 579 1686 726 subtutus,

854 819 886 861 ll·
910 818 1023 864 ΙᾸΠΙῙ
1046 820 1173 866 ttucctv.

819 991 1210 1036 attententur!

446 1137 627 1240 Juuubtt
650 1137 802 1208 uavtu
825 1139 1165 1232 llRETSCllllEll,
1190 1143 1408 1213 untutst„
1430 1145 1575 1216 stubs.

738 1420 1296 1468 ...ἥρ-...-

799 1645 1210 1720 PRAEFATIO.

173 1861 234 1994 N
236 1941 277 2010 nn
294 1943 381 2012 opus
396 1943 465 2010 esse
480 1941 567 2002 reor,
582 1917 681 1988 lector
692 1915 868 2000 benevole,
885 1915 1000 1984 multis
1016 1929 1055 1984 ut
1077 1939 1237 2006 exponam
1254 1919 1462 2008 rationibus,
1484 1948 1547 1992 cur
1569 1923 1764 1994 clarissimae
1785 1951 1843 2018 pa·
1865 2009 1871 2016 ,

170 2011 254 2077 triae
268 2001 343 2102 iura
356 2009 416 2101 ¹pro
430 2034 525 2102 scopo
542 2011 622 2077 milti
643 2007 883 2100 proposuerim,
899 2007 978 2072 dum
995 2008 1161 2095 specimen
1179 2009 1313 2098 aliquod
1329 2013 1513 2080 studiorum
1532 2016 1567 2080 in
1582 2016 1755 2082 academiis
1772 2017 1846 2082 ltac-

175 2097 274 2166 t‘eitus
306 2124 364 2190 per
388 2099 452 2166 Dei
482 2103 616 2192 gratiam
633 2101 779 2167 feliciter
790 2097 958 2164 linituram
975 2109 1046 2162 erat
1061 2095 1298 2164 exhibendum.
1323 2101 1470 2183 Scilicet:
1497 2105 1531 2168 in
1559 2105 1741 2192 peregrinis
1763 2129 1849 2170 sem-

176 2211 234 2279 per
252 2189 370 2272 versari
389 2213 610 2280 necunquam
630 2191 664 2256 in
682 2211 717 2256 ea
735 2189 925 2279 inquirere,
941 2184 1122 2274 quaedomi
1137 2187 1307 2268 obtinent,
1323 2214 1388 2258 non
1402 2193 1503 2282 magis
1513 2193 1737 2281 negligentem
1745 2217 1850 2284 quam

215 2279 281 2344 tius
294 2279 459 2367 ingratum
476 2303 550 2370 erga
569 2279 676 2346 natale
691 2277 796 2344 sulum
815 2275 924 2364 prodit
938 2275 1104 2354 animum,
1123 2275 1251 2365 ltneque
1268 2294 1364 2369 turpe
1382 2280 1575 2371 judicarunt
1588 2280 1680 2346 omni
1700 2295 1848 2372 tempure

171 2300 251 2434 tini
266 2390 390 2435 oatncs.
406 2368 620 2458 Quapropter
636 2367 724 2434 facili
738 2391 778 2432 ne
801 2367 869 2431 otio
886 2386 953 2444 nte,
973 2365 1001 2430 si
1026 2387 1092 2429 non
1115 2365 1268 2430 eximiam
1300 2367 1447 2450 laudem,
1479 2371 1849 2437 excusationemtsmen

775 2389 830 2534 di,
845 2454 873 2521 si
891 2477 948 2542 per
965 2453 1047 2519 lranc
1063 2453 1340 2546 qualemcumque
1355 2461 1613 2614 rerumpatriae
1634 2457 1841 2550 disquisitio-

173 2457 262 2546 apud
281 2475 311 2522 te
328 2457 584 2548 impetraturum
601 2481 670 2524 esse
686 2456 772 2522 credi

171 2567 245 2612 nem
262 2545 458 2638 idagesem,
502 2542 1086 2614 uodaliisollicimeiratiomaxime
1105 2565 1181 2608 reru
1205 2567 1295 2612 antor
1324 2549 1446 2639 patriae
1499 2548 1607 2615 ebitus
1638 2549 1842 2654 requirebat.

169 2631 240 2700 lion
256 2637 413 2726 equidem
429 2574 590 2718 diffiteor,
608 2659 666 2728 per
682 2635 818 2702 latiores
834 2633 927 2699 hasce
944 2631 1085 2724 pagellas
1098 2632 1362 2725 haudquaquam
1379 2637 1542 2705 desiderio
1563 2657 1620 2703 tuo
1643 2638 1843 2706 sutrsl'actunt

168 2723 228 2810 iri,
243 2723 322 2791 dum
340 2728 443 2794 multa
462 2728 544 2794 forte
560 2727 663 2818 leges,
687 2747 773 2816 quae
790 2723 891 2812 magis
905 2721 1023 2804 solide,
1042 2723 1142 2812 magis
1159 2723 1320 2791 elaborate
1338 2731 1414 2816 poni
1434 2729 1628 2817 potuissent,
1645 2725 1779 2794 interim
1796 2747 1843 2794 ta-

167 2835 244 2886 men
259 2839 334 2880 cum
348 2816 411 2882 tibi
429 2817 514 2884 baud
529 2815 736 2906 incognitum
753 2833 889 2904 quoquc
905 2809 966 2894 sit,
998 2833 1097 2900 quant
1123 2811 1235 2877 multis
1264 2815 1525 2883 obscuritatibus
1541 2815 1670 2882 ltistoria
1691 2815 1846 2900 silesiae,

168 2905 274 2992 quoad
299 2906 486 2996 antiquiora
502 2905 655 2996 inprimis
670 2921 835 2993 tempora,
851 2899 959 2964 adbuc
974 2897 1014 2964 sit
1028 2899 1258 2979 obtenebrata,
1273 2927 1311 2969 eo
1329 2905 1458 2972 l'acilius
1475 2905 1619 2972 delectus
1637 2919 1845 2972 occurrentes

167 2990 394 3059 benevolentia
410 3008 465 3063 tua
481 2993 664 3086 supplebis,
677 3015 747 3084 quo
761 2993 881 3058 certius
893 3001 956 3070 est,
974 2987 1175 3080 juvenilibus
1190 2991 1287 3058 annis
1304 2993 1352 3058 nil
1370 2995 1449 3080 lere,
1461 3008 1589 3085 praeter
1604 2992 1687 3060 solos
1702 3014 1841 3062 conatus

170 3081 322 3148 relictum
339 3107 425 3166 esse,
441 3110 477 3152 ea
494 3088 601 3166 enim,
616 3107 702 3176 quae
714 3081 871 3148 omnibus
885 3078 1031 3144 numeris
1046 3076 1190 3144 absoluta
1204 3101 1299 3162 sunt,
1312 3084 1354 3148 ab
1370 3083 1428 3150 hac
1444 3097 1547 3150 aetate
1562 3082 1625 3149 sibi
1639 3085 1843 3172 promittere,

169 3171 391 3238 frustraneum
409 3186 476 3260 est,
492 3175 668 3264 omniaque
684 3171 726 3239 dc
742 3171 797 3238 tali
816 3169 946 3260 negotio
961 3190 1034 3256 spes
1051 3181 1159 3234 nostra
1174 3167 1334 3238 eluditur.
1349 3171 1506 3260 Saronico
1525 3173 1730 3262 potissimum
1745 3173 1842 3265 attigi

170 3264 258 3352 jura,
278 3275 391 3352 utpote
406 3287 493 3356 quae
510 3263 552 3330 ab
567 3264 716 3354 antiquis
733 3257 935 3350 temporibus
949 3255 1086 3324 Silesiae
1103 3273 1230 3325 nostrae
1253 3261 1280 3325 si
1304 3284 1370 3328 nun
1397 3263 1529 3351 pertitus
1558 3261 1706 3352 propria,
1731 3275 1844 3330 tarncu

171 3373 237 3415 non
253 3353 428 3440 inusitata,
446 3353 549 3420 multo
566 3353 677 3420 miuus
690 3351 856 3440 incognita
874 3345 1034 3428 fuerunt,
1056 3347 1203 3436 indeque
1235 3347 1356 3418 lactum
1387 3365 1453 3432 est,
1469 3364 1506 3418 ut
1524 3375 1632 3442 neque
1647 3351 1690 3414 de
1703 3356 1845 3422 vetustis

168 3434 373 3508 Polonarum
390 3465 431 3510 ex
455 3443 575 3512 slarico
593 3447 665 3531 jure
680 3438 870 3507 derivandis
885 3435 1204 3517 consuetudinibus,
1220 3462 1332 3532 neque
1345 3443 1444 3508 etiarn
1462 3439 1699 3507 recentioribus
1714 3463 1845 3510 corum·

168 3527 245 3596 dem
264 3533 411 3599 moribus
427 3531 529 3598 multa
545 3531 702 3610 dixerim,
717 3531 777 3595 etsi
793 3528 904 3617 negari
923 3537 1080 3616 nequeat,
1099 3526 1266 3616 prioribus
1280 3531 1360 3596 olim
1382 3543 1415 3597 et
1435 3530 1587 3598 Silesiatn
1613 3549 1681 3594 nou
1706 3531 1841 3621 penitus

169 3620 328 3704 caruisse,
344 3645 385 3686 ex
400 3623 635 3710 posterioribus
653 3641 728 3686 tero
742 3620 775 3684 in
795 3614 961 3683 normullis
994 3614 1086 3682 illius
1116 3615 1289 3684 ducatibus
1306 3621 1340 3686 in
1360 3619 1447 3686 bunc
1464 3643 1569 3710 usque
1586 3617 1677 3685 diem
1701 3622 1836 3714 vestigia

168 3709 330 3794 quaedam
345 3734 534 3799 superesse,
551 3711 629 3777 haec
643 3711 734 3774 euim
749 3710 857 3772 omnia
872 3707 914 3770 ab
928 3705 1080 3770 instituto
1096 3706 1238 3773 maxime
1254 3709 1360 3774 aliens
1389 3707 1608 3795 videbantur,-
1631 3732 1717 3800 quae
1738 3713 1843 3801 igitur

167 3795 210 3864 dc
225 3797 413 3903 originibus
428 3803 652 3866 saxonicarum
670 3800 778 3888 legum
796 3798 829 3860 in
846 3794 960 3860 Silesia
977 3795 1062 3879 diri,
1078 3793 1222 3862 libenter
1239 3812 1294 3864 tuo
1313 3798 1435 3890 judicio
1450 3797 1637 3881 committo,
1661 3820 1843 3892 quousque

170 3909 245 3952 vera
262 3887 422 3972 dixerim,
438 3889 622 3980 probabiles
637 3887 790 3966 omnino,
808 3907 880 3950 raro
897 3887 1065 3972 probatas,
1081 3907 1121 3948 ne
1152 3885 1257 3952 dicam
1287 3887 1523 3955 demonstratas
1542 3890 1695 3955 veritates
1711 3888 1764 3955 ltic
1779 3890 1838 3956 nt

169 3977 345 4042 mittendas
356 4001 435 4055 esse,
452 3975 805 4068 neipsedilfitebis,ubi
821 3987 947 4042 eertum
964 3992 1022 4050 est,
1032 3985 1077 4038 tot
1091 3971 1253 4040 bellorum
1269 3977 1476 4066 aliorumque
1484 3974 1691 4044 funestorum
1704 3992 1844 4046 eventu·

167 4089 238 4142 nm,
249 4067 568 4156 quibuscharissima
580 4068 684 4155 patria
696 4067 773 4132 olirn
789 4067 935 4154 exposita
947 4062 1023 4141 sarit,
1033 4062 1150 4152 injuria
1163 4062 1279 4131 facturn
1288 4089 1370 4151 esse,
1383 4080 1419 4132 ut
1428 4067 1614 4156 antiquiora
1627 4085 1841 4140 monumenta

166 4157 342 4222 maximam
359 4173 481 4247 partem
500 4157 748 4236 interciderint,
764 4179 780 4220 a
797 4155 919 4246 quibus
943 4163 1053 4216 tamen
1068 4171 1167 4215 omne
1182 4154 1370 4220 subsidium
1385 4156 1420 4220 in
1439 4154 1496 4220 ltoc
1525 4155 1654 4245 negatio
1676 4157 1840 4246 expectari

165 4244 324 4332 debebet3
338 4246 379 4311 dt·
395 4248 465 4336 ipso
482 4267 559 4311 reru
576 4245 683 4312 valore
698 4256 729 4310 et
744 4244 939 4312 auctoritate
954 4239 1114 4304 dictarum
1133 4240 1242 4332 legum
1258 4243 1457 4334 generaliora
1474 4243 1580 4308 saltim
1601 4243 1756 4330 delibari,
1775 4271 1834 4314 ue-

166 4359 236 4426 qne
252 4335 351 4399 etiam
366 4337 496 4400 artimus
514 4335 588 4413 luit,
611 4356 724 4401 omues
742 4354 948 4426 peromnem
964 4327 1116 4394 Silesiam
1132 4326 1272 4398 ducatus
1290 4354 1489 4422 percurrere,
1509 4333 1693 4424 laurumque
1706 4336 1840 4403 ordina·

167 4427 275 4490 tiones
292 4423 506 4512 provinciales
522 4437 555 4491 et
571 4435 686 4489 statuta
705 4425 749 4490 ita
766 4423 968 4501 examinare,
985 4436 1033 4500 ut,
1047 4419 1186 4485 ubinam
1202 4446 1276 4488 curn
1294 4426 1367 4528 jure
1394 4421 1765 4501 saxonicoconreniant,
1781 4439 1839 4491 aut

167 4513 277 4578 eidem
294 4515 468 4605 derogent,
487 4511 648 4604 prolixius
665 4531 894 4596 monstrarem,
910 4509 987 4576 haec
1001 4508 1088 4596 euim
1103 4531 1152 4573 res
1167 4511 1194 4576 si
1208 4534 1273 4576 nun
1293 4511 1429 4591 rnliniti,
1447 4522 1555 4574 tannen
1574 4511 1703 4596 nraiuris
1717 4509 1839 4581 laboris

167 4600 294 4686 suisset,
309 4627 406 4694 quani
423 4597 477 4671 cui
491 4601 686 4668 sustinendo
701 4627 753 4668 me
767 4625 875 4693 parem
887 4620 1034 4690 agnosco,
1044 4615 1077 4663 et
1093 4601 1215 4688 justum
1234 4601 1339 4689 petius
1354 4599 1504 4666 volumen
1519 4596 1721 4685 postulasset,
1736 4625 1837 4690 quant

167 4687 288 4782 paucas
306 4692 464 4797 quasdam
483 4689 647 4782 plagulas,
664 4691 784 4782 quibus
807 4686 1002 4781 regulariter
1019 4686 1141 4753 limites
1155 4687 1420 4755 dissertationum
1436 4687 1606 4753 terminari
1631 4688 1744 4755 solent.
1761 4690 1839 4759 Suf-

168 4783 267 4848 licere
281 4783 386 4873 igitur
403 4784 597 4866 ridebatur,
614 4781 706 4850 illins
729 4783 954 4848 auctoritatem
968 4794 1136 4866 tamquam
1167 4779 1250 4868 juris
1275 4777 1461 4844 communis
1484 4779 1518 4840 in
1536 4777 1653 4843 Silesia
1670 4777 1838 4867 probasse,

166 4895 241 4938 cunr
260 4893 301 4936 ex
318 4869 378 4938 boc
395 4873 492 4940 unico
506 4871 725 4939 fundamento
739 4893 852 4937 ornnes
865 4867 1010 4958 reliquae
1024 4868 1251 4933 conclusiones
1266 4891 1322 4934 sun
1339 4878 1455 4958 sponte
1471 4865 1588 4952 fluant,
1604 4890 1740 4956 quarum
1752 4890 1837 4935 non-

167 4959 279 5028 nullas
296 4961 395 5026 etiam
413 4984 473 5027 suo
489 4962 556 5028 loco
571 4961 738 5044 dedimus,
753 4984 794 5026 art
813 4981 889 5027 sero
904 4981 938 5022 ea
956 4955 1066 5021 omnia
1081 4958 1192 5036 etiarn,
1208 4957 1345 5049 quaein
1364 4959 1446 5023 banc
1462 4980 1529 5022 rem
1546 4979 1562 5020 a
1579 4979 1629 5020 me
1644 4955 1728 5021 dicta
1746 4977 1835 5046 sunt,

166 5051 262 5139 praxi
281 5049 343 5138 ipsi
360 5051 592 5138 respondeant,
602 5049 806 5141 experientia
824 5049 883 5116 furi
901 5045 1007 5111 adltnc
1022 5043 1201 5111 destitntus
1216 5070 1326 5135 neque
1340 5045 1478 5136 negabo,
1496 5067 1605 5135 neque
1621 5043 1719 5110 etiam
1733 5046 1836 5114 auda·

166 5151 236 5206 cter
250 5161 402 5221 asseram,
419 5139 462 5204 ad
480 5140 652 5206 minimum
671 5159 722 5204 me
739 5161 809 5205 mee
823 5135 932 5203 allicio
946 5157 1011 5198 nnn
1030 5133 1171 5200 defuisse
1185 5135 1296 5216 credo,
1311 5133 1338 5200 si
1357 5133 1390 5200 id
1418 5145 1573 5213 statuero,
1589 5131 1681 5222 quod
1700 5148 1835 5204 naturae

166 5228 271 5318 ipsius
286 5231 333 5296 rei
350 5246 384 5297 et
398 5229 519 5321 regulis
535 5229 693 5320 justitiae,
705 5229 947 5322 aequitatisque
968 5223 1221 5293 convenientius
1237 5223 1419 5294 ridebatur·
1438 5223 1519 5294 Vale
1541 5223 1729 5315 studiisque
1753 5227 1835 5326 meis

166 5339 267 5408 ροπο
283 5315 367 5432 fare,
458 5335 476 5361 ¹·
