4346 6194
85 236 136 301 -'·
198 233 280 308 'sure

79 329 87 350 Ι·
152 357 222 410 oder
241 353 406 406 corriperer
416 385 424 410 ,
442 325 558 398 sontem
575 346 632 396 siclt
650 347 700 398 tien
722 349 862 416 gerneinen
881 348 964 402 Recis-

150 449 214 502 teu,
234 431 532 492 netem-Abrettene,
550 429 607 480 und
624 429 890 484 suodl·verordneten
906 432 965 484 Set·

7 547 8 556 ¹
78 497 126 559 '3
147 529 271 590 cneigen,
291 521 362 571 edne
397 515 557 582 Verlstxung
574 513 621 566 der
637 512 754 566 Stcende
781 513 969 583 Pririlegien,

7 631 21 648 ··
76 597 114 642 'J'
155 607 280 676 gemuere
300 600 448 656 uerdnlten.
476 599 611 665 iungatur.
629 613 688 666 cop.
705 597 786 664 nem.
811 607 865 651 ort.
885 599 929 648 lii.
947 607 971 647 et

153 686 268 754 Joseplrt'
284 693 338 738 nrt.
357 683 400 735 tt.
421 686 478 737 tno
496 695 544 732 nec
562 678 643 731 bodie
661 680 778 748 emplius
797 679 828 732 de
847 697 877 732 eo
897 680 970 732 dubi·

155 773 286 832 undum,
305 778 441 836 postquem
462 767 490 816 in
508 762 584 816 inste.
601 780 662 833 poc.
681 773 735 816 nrt.
747 764 773 814 5.
791 763 813 828 §.
827 765 900 833 quod
909 779 971 834 pro·

149 872 253 908 cessum
273 853 315 904 bb.
334 850 481 902 clarissime
500 854 621 909 ceratum,
639 845 706 914 qnod
724 845 781 898 ord·
800 863 867 898 cam.
887 845 969 915 quood

150 940 301 1008 processum
322 933 494 1001 jndicierium
513 931 595 982 etium
624 929 653 980 in
681 927 779 996 judicio
808 927 893 981 aulico
925 945 970 997 per

145 1037 239 1080 ,οιιιιιιι
259 1033 354 1072 ιιιιιιι
373 1015 477 1068 debest
507 1009 583 1080 Quod
602 1021 632 1064 et·
646 1010 720 1063 Ferd
741 1009 787 1062 111.
815 1011 924 1080 repetiit
942 1027 970 1062 ru

148 1105 211 1160 ord.
219 1105 278 1173 jud·
294 1104 349 1156 cul.
358 1103 402 1150 tit.
417 1099 442 1149 2.
455 1103 477 1160 ς.
492 1099 529 1148 do
544 1096 638 1152 suellen
658 1095 755 1148 Wtr't.
769 1095 831 1147 dcss
844 1094 887 1148 dre
900 1092 971 1163 Kuy

150 1191 212 1242 seri.
222 1201 353 1243 eornmer·
344 1182 497 1237 uertente·
504 1179 654 1249 Ordrrunp,
670 1177 749 1232 und'
739 1195 767 1232 sn
777 1179 853 1230 clien
864 1181 970 1234 saetam

150 1274 338 1344 penddnlrclre
361 1267 503 1334 Pr'ocerse,
533 1265 656 1322 Termine
688 1264 745 1318 und
768 1265 971 1322 Solennitceten

148 1359 298 1430 gebruusdt
316 1351 373 1411 und
390 1355 536 1408 olserriret
552 1351 658 1405 werden
671 1350 769 1402 sollers·-

429 1484 601 1540 elenu
639 1483 688 1538 ttt.

146 1649 150 1661 .
258 1615 302 1668 De
316 1611 507 1667 executionum
516 1609 692 1680 judicialium
706 1610 870 1666 necessitate.

152 1715 319 1825 Sententiae
337 1767 482 1838 exequendi
503 1767 707 1833 ιιιιιιιίιιιιιιι,
726 1785 804 1837 quern
832 1767 878 1820 bic
902 1782 971 1822 com·

151 1856 261 1910 scendet
281 1865 386 1918 ructor,
406 1855 529 1908 nemoin
550 1853 658 1906 dubium
684 1855 802 1918 uocabit,
820 1853 969 1906 cumcuim

569 249 617 304 DE
636 249 890 308 executionum
909 251 1141 310 suutcttttutt
1160 243 1404 304 NECESSITATE

1686 253 1758 308 toto

1021 357 1079 410 ture
1095 363 1147 398 uon
1170 343 1296 398 turbcnds
1315 341 1489 412 trunquillitce
1510 346 1608 417 pudes,
1627 359 1652 405 gr
1672 352 1740 420 ΙΨ,
1760 351 1808 402 im.

1020 431 1090 500 perii
1109 431 1260 491 violandae,
1278 427 1431 496 juribusque
1448 428 1581 499 circulor„
1599 436 1717 506 legium
1733 449 1812 503 qm.

1021 516 1083 566 sitis
1102 513 1298 580 derogendum.
1319 511 1432 563 Demuru
1453 526 1499 562 uec
1519 514 1630 581 meinric
1656 520 1699 570 hie
1722 519 1812 570 litium

1021 598 1221 662 imnrortrlitase
1234 599 1353 666 quumvis
1367 595 1439 647 euim
1454 593 1532 660 hujus
1544 596 1654 665 ttinere
1668 617 1743 653 m„
1757 617 1813 670 pm.

1021 683 1162 751 percndum
1183 683 1211 734 in
1230 680 1395 755 processibus
1409 695 1465 730 esse
1478 676 1603 743 mnsuerir
1615 687 1712 758 oprimi
1727 687 1813 756 impp.

1020 768 1048 820 in
1068 769 1086 819 1.
1103 771 1302 837 properandum
1321 769 1366 819 13.
1384 783 1405 819 c·
1425 767 1457 819 de
1469 765 1555 832 judic.
1580 770 1672 829 rimer
1700 773 1761 824 bees
1785 787 1814 824 c·

1022 851 1093 902 mnia
1112 852 1253 904 secundum
1275 853 1343 919 leges
1361 846 1421 901 fieri
1441 847 1554 908 debent,
1573 860 1646 913 quq„
1665 852 1814 923 aponum,

1021 935 1094 988 noris
1113 938 1316 989 nullitatumr
1290 934 1418 1003 qrreerelis
1443 949 1503 984 unsa
1529 926 1709 1002 suppedntur,
1735 948 1759 990 et
1777 934 1816 986 sic

1021 1036 1108 1072 resera
1127 1020 1188 1072 lites
1205 1037 1237 1073 ex
1258 1020 1349 1070 litibus
1369 1027 1526 1070 irascuntur
1546 1013 1671 1082 Quadritr
1689 1021 1740 1074 hue
1764 1018 1817 1072 vui·

1021 1111 1109 1173 gutum
1120 1104 1203 1157 tttndr
1216 1121 1282 1159 roro
1294 1104 1389 1156 nocuit
1401 1118 1488 1166 moro,
1500 1099 1550 1154 red
1562 1100 1815 1172 snepimsesrr'nnrin.

1289 1233 1473 1288 CAPUT
1511 1233 1557 1283 lv.

1074 1362 1243 1413 Potestntem
1256 1357 1408 1426 esceqrremii
1417 1352 1618 1422 cumfucultotr
1627 1349 1754 1419 indiam·

1218 1441 1381 1511 regulariter
1392 1439 1567 1507 coniunctam
1580 1452 1642 1490 esse.

1024 1699 1078 1742 tum
1098 1704 1225 1740 essenon
1245 1704 1330 1756 nego,
1356 1701 1414 1736 cum
1438 1694 1538 1751 pestem
1560 1677 1742 1747 jurisdictione
1766 1696 1823 1732 esse

1024 1787 1100 1841 supru
1118 1793 1131 1824 e
1151 1791 1194 1826 me
1210 1785 1344 1826 ostensum
1364 1768 1529 1836 eriperent
1559 1762 1627 1826 Sed,
1645 1779 1702 1814 cum
1723 1764 1759 1819 bre
1783 1783 1825 1818 re·

1020 1857 1153 1922 audaciter
1170 1859 1206 1909 ito
1225 1874 1254 1909 se
1273 1855 1385 1910 bebere
1380 1869 1455 1924 ipset
1450 1851 1644 1903 dissertutionis
1657 1855 1823 1919 suctorrgno·

153 1943 180 1994 in
200 1938 280 1993 finem
301 1941 338 1995 rei
357 1939 489 2008 jndicstae
507 1940 580 2007 sigor
607 1955 653 2010 per
680 1951 831 1994 executores
855 1939 888 1991 sd
910 1938 971 1991 effe
1022 1949 1086 2003 scot,
1106 1958 1159 1993 rien
1178 1938 1323 1994 difficulter
1341 1939 1460 1990 edmittet
1479 1933 1672 2000 jurisdictiquis
1700 1941 1728 1980 et
1749 1945 1826 1987 eccu-

151 2034 223 2075 ctum
246 2021 423 2084 deducentur,
443 2021 461 2072 1.
480 2023 506 2074 8.
525 2040 547 2074 c.
566 2021 716 2078 deeaeecul.
733 2041 773 2076 rer
769 2021 873 2094 'judic
890 2039 971 2092 eaque
1024 2023 1104 2077 tionis
1123 2028 1322 2093 separationem,
1340 2021 1372 2074 de
1389 2039 1441 2090 quo
1458 2017 1646 2085 dictumposit.
1661 2015 1685 2064 2
1698 2013 1825 2068 Castemu

152 2118 283 2178 propter,
301 2123 334 2159 nc
352 2105 385 2158 ab
406 2108 559 2158 executione
577 2109 747 2176 appelletur,
765 2111 825 2177 jure
853 2123 972 2160 cessereo
1022 2107 1050 2158 in
1069 2124 1099 2158 co
1117 2112 1226 2161 omnino
1245 2108 1367 2170 inllitur,
1393 2101 1462 2173 quud
1487 2101 1685 2160 executionem,
1706 2107 1827 2163 tamqum

153 2191 264 2266 procide
282 2203 388 2246 cantum
406 2200 460 2242 est.
479 2189 498 2242 l.
516 2191 542 2240 8.
550 2186 592 2257 ff.
605 2188 638 2242 de
652 2191 777 2262 appellnt.
791 2190 826 2241 dt
839 2206 898 2246 reto
910 2190 973 2244 beec
1023 2194 1206 2247 succedencium
1221 2231 1228 2258 ,
1254 2210 1332 2246 nemo
1350 2190 1477 2244 ailectare
1501 2188 1599 2249 relect,
1617 2184 1659 2238 cui
1684 2179 1828 2247 iurisdictio

151 2280 242 2332 omuix
260 2293 314 2330 non
340 2275 420 2328 uliter
437 2271 564 2342 capienda
582 2285 655 2338 sunt,
674 2292 752 2342 quum
771 2275 793 2328 si
813 2284 913 2328 setene
930 2291 971 2326 or·
1024 2286 1155 2348 tamquam
1175 2279 1331 2332 antecedens
1350 2293 1403 2328 non
1421 2274 1560 2344 competit.
1587 2271 1662 2324 Sicut
1685 2267 1757 2320 euim
1779 2269 1831 2332 iure

151 2361 216 2414 dine
235 2370 260 2412 et
277 2375 351 2411 ceusu
371 2359 478 2426 cognite
506 2359 639 2410 sententie
664 2356 748 2410 luerit
770 2359 836 2421 leta,
861 2374 886 2411 et
909 2359 971 2410 brec
1023 2379 1129 2415 romono
1148 2363 1355 2430 jurisdictionem
1375 2380 1389 2412 a
1408 2360 1493 2412 mixto
1510 2357 1632 2427 imperio,
1642 2369 1765 2424 quorsum
1787 2354 1832 2404 im·

144 2443 264 2513 ‚judicati
285 2447 353 2496 eires
372 2441 525 2510 receperitr
552 2441 636 2494 nimis
659 2459 770 2512 propere
796 2443 867 2494 euim
892 2442 971 2510 judex
1024 2447 1118 2498 missio
1139 2447 1167 2499 in
1187 2447 1254 2500 bone
1274 2444 1402 2516 pertinet,
1423 2458 1544 2514 seperire
1563 2439 1635 2494 neiis
1654 2455 1706 2492 non
1724 2433 1830 2501 erct,l.

150 2541 210 2582 ante
230 2543 285 2579 tem
306 2525 451 2594 judicatam
471 2526 599 2578 rictorem
624 2525 651 2578 iu
676 2527 743 2580 bons
772 2525 903 2578 debitoris
928 2527 964 2577 im
1024 2531 1100 2601 t‚ff
1119 2533 1313 2603 dej„„·5,1,·02‚‚
1326 2533 1363 2584 ῃ,
1383 2547 1430 2582 „00
1449 2529 1566 2581 moritu„
1584 2523 1683 2578 „0511st
1701 2523 1761 2573 hm
1780 2521 1834 2574 ubi.

152 2611 247 2677 mittit,
266 2627 312 2681 pst
332 2608 478 2662 nor-bitem
498 2616 595 2660 iulum
615 2609 685 2660 iul
712 2611 740 2660 1·
763 2626 785 2660 ⁶·
816 2607 848 2660 de
869 2619 971 2660 execti·
1021 2634 1072 2686 que
1089 2617 1245 2671 cohaereant
1262 2633 1397 2670 necessum
1415 2625 1470 2668 est
1491 2614 1546 2666 lmo
1565 2611 1633 2664 sicut
1652 2616 1706 2659 tote
1726 2603 1833 2670 iurisdi-

151 2695 267 2767 reijud.
286 2694 343 2746 Si
337 2705 420 2762 utaque
438 2690 566 2744 sententie
586 2691 793 2759 neglectcsolito
811 2691 970 2758 judiciorum
1023 2703 1076 2756 0110
1096 2704 1152 2770 1230
1171 2704 1211 2754 ,ει
1229 2701 1420 2754 communiae
1439 2697 1538 2768 ,equiti
1564 2704 1666 2766 ροιιιις
1684 2690 1748 2760 qnid
1769 2695 1834 2742 uetet

152 2778 250 2834 01111111
268 2777 320 2830 ¹²¹¹
334 2775 428 2844 ril¹¹0d
450 2771 511 2827 [ΙΨ
531 2791 583 2828 ¹¹⁰⁰
603 2773 727 2828 d‘bssbll·
745 2776 766 2828 Ῑ·
784 2775 973 2844 1101111111Ηῆ
1023 2790 1210 2859 ejusprrtem,
1230 2803 1275 2840 seu
1301 2785 1493 2854 jurisdictionis
1518 2781 1716 2840 executionem,
1744 2776 1834 2826 endem

151 2866 184 2918 de
200 2872 313 2916 sentent
331 2871 357 2910 et
374 2859 508 2910 intermvoc
528 2869 554 2909 et
574 2857 972 2924 iudexfestinetaexecntione,
1024 2873 1081 2937 jure
1100 2873 1255 2940 acquirere,
1281 2873 1319 2923 uri
1338 2871 1451 2926 evictum
1470 2869 1499 2920 in
1516 2867 1597 2933 posit.
1616 2866 1640 2916 3.
1660 2861 1728 2915 est.
1755 2860 1837 2928 Quie-

151 2957 257 3018 Pl'ffl‘l'
278 2960 380 2998 mmm
395 2944 459 2994 '¹¹⁸⁵
473 2955 616 3011 “efi'fflmr
629 2943 787 2996 ”nimum
803 2944 835 2996 “l
848 2945 970 2996 ‘isflilum
1020 2955 1169 3022 quidecim
1185 2956 1348 3024 delegatione
1359 2953 1504 3048 superioris
1517 2945 1751 3002 indubitatualicui
1765 2961 1837 2996 eom·

151 3031 278 3084 deducere
297 3030 410 3090 nitatur,
435 3035 460 3078 et
486 3025 522 3076 ite
548 3026 697 3080 ordinrrius
722 3030 886 3082 executionis
905 3032 973 3100 leges
1024 3049 1112 3106 prim
1131 3049 1226 3108 pomi
1244 3039 1339 3108 quidni
1359 3021 1434 3091 euim
1455 3039 1511 3106 tege
1529 3035 1577 3088 hoo
1597 3031 1687 3095 tribui,
1705 3035 1835 3096 entpucto

151 3113 373 3181 transgrediatur,
393 3128 445 3164 non
464 3111 598 3178 justitium
617 3109 813 3174 rdministrate,
827 3114 871 3164 sed
884 3118 971 3182 potius

154 3199 209 3251 uim
231 3197 316 3250 lacere
336 3194 451 3260 ridetur;
472 3195 540 3245 unde
560 3195 677 3248 insolens
696 3214 748 3248 non
769 3207 920 3258 est,coutrn
937 3209 974 3252 te·

128 3293 130 3296 ·
150 3284 203 3336 lem
221 3278 399 3334 executionem
419 3279 605 3348 appellationis
619 3277 750 3332 beneficio
762 3296 789 3331 se
803 3281 879 3332 tueri.
894 3298 916 3334 c.
930 3281 972 3333 lli.

151 3367 181 3419 iu
194 3365 248 3434 fin.
266 3383 296 3416 sc.
315 3365 346 3417 tie
363 3371 477 3416 sentent.
498 3361 612 3428 Sedet,
632 3364 655 3414 si
674 3363 724 3415 hoc
743 3361 822 3415 modo
842 3365 973 3432 praejudi-

150 3453 221 3503 cium
241 3449 319 3502 erecti
340 3457 462 3516 nequeat,
481 3455 508 3498 et
533 3446 561 3498 in
591 3463 661 3500 mors
689 3447 838 3516 periculum
866 3449 971 3513 subsit,

151 3531 205 3583 rim
225 3532 342 3586 festinetx
361 3531 516 3585 executione
535 3531 634 3585 illatum
655 3531 680 3583 si
699 3534 821 3598 repellere
836 3531 908 3586 uelis
920 3550 971 3586 ιιοιι

150 3618 214 3668 ιιιι.
233 3616 361 3685 Equidem
382 3615 477 3667 melius
496 3613 623 3668 ficturum
643 3633 699 3668 esse
717 3619 804 3681 illum,
823 3619 863 3669 cui
878 3636 923 3688 per
936 3627 971 3670 te·

151 3699 204 3752 lem
222 3699 385 3752 seutentiam
405 3699 591 3766 insolitumque
610 3702 789 3752 executionem
803 3700 929 3754 domnum
942 3701 970 3753 tt-

150 3783 242 3846 latum,
262 3781 284 3832 si
305 3779 416 3850 placidis
435 3781 523 3848 potius
542 3783 684 3843 remediis,
702 3801 779 3851 quern
799 3785 923 3838 violentis
939 3804 968 3838 ιι-

154 3877 232 3927 tatur,
252 3863 329 3916 irrite
347 3864 460 3932 largiore
480 3872 535 3926 ιιι,
553 3880 611 3916 cum
631 3864 724 3916 meiius
741 3867 787 3928 sit,
806 3867 902 3918 intucta
915 3883 966 3920 ser·

143 3967 212 4002 ‚rere
229 3951 286 4016 jure
305 3964 367 4010 sue,
392 3964 469 4015 quem
491 3958 546 4016 post
571 3949 734 4000 vulneratam
759 3965 862 4002 censam
888 3967 969 4004 reme·

150 4035 224 4086 dium
242 4049 384 4103 quaerere,
403 4032 421 4083 1.
429 4030 488 4100 fin.
507 4047 529 4082 c.
548 4033 577 4082 in
596 4031 670 4099 quib.
696 4048 766 4084 suus.
784 4035 868 4085 restr't.
885 4035 969 4086 consi·

149 4119 215 4170 lium
235 4117 280 4168 liic
297 4117 401 4185 seepius
420 4117 448 4168 1ιι
462 4133 539 4169 creua
551 4116 708 4183 cupiendum
719 4135 726 4178 ς
739 4131 791 4168 non
808 4125 837 4168 ct
849 4115 966 4170 destrue·

151 4213 194 4254 tur
211 4201 352 4255 suctoritus
370 4201 531 4270 superioris,
551 4199 595 4254 sed
615 4211 640 4253 nt
658 4199 692 4252 ab
710 4200 767 4264 boc,
786 4216 820 4252 ne
840 4201 900 4252 talia
912 4219 968 4270 por·

152 4303 181 4336 ro
198 4287 369 4354 continguos,
388 4285 517 4336 medicine
543 4283 678 4348 efferetute
700 4285 768 4336 unde
785 4283 818 4336 sd
838 4285 906 4338 bunc
923 4303 967 4338 ne·

151 4371 251 4440 gotium
272 4387 333 4424 mox
353 4367 448 4422 reierri
468 4371 548 4423 solet.
566 4370 596 4422 Et
616 4371 663 4423 hoc
682 4387 712 4422 eo
730 4369 818 4424 minus
836 4370 901 4424 sitio
914 4390 968 4428 eer-

150 4455 255 4509 tendum
275 4455 330 4507 iilis
348 4454 457 4522 imperii
477 4451 606 4518 statibus,
623 4454 669 4524 qui
688 4472 736 4507 nec
754 4454 855 4507 actoris
869 4473 916 4510 nec
928 4459 965 4510 eei

150 4549 236 4607 pestes
256 4539 284 4590 in
303 4537 348 4591 illa
368 4553 442 4590 causa
463 4539 659 4608 sustinuerunt,
677 4556 787 4607 quorum
811 4550 896 4592 temen
914 4542 966 4609 jori

148 4622 251 4690 legibue
269 4621 382 4692 publicis
400 4622 519 4692 qmesito
539 4622 642 4675 insolite
662 4624 816 4676 executione
834 4625 966 4692 prsejudi·

147 4717 243 4760 catum.
263 4707 299 4756 111
319 4706 401 4768 enim,
421 4706 443 4757 si
464 4706 657 4774 praejudicinm
671 4705 740 4760 iacto
753 4708 967 4775 legibusccutre-

149 4793 190 4844 rio
208 4792 312 4842 illetum
332 4790 489 4842 amoliuntur
514 4809 528 4841 ι
554 4807 597 4854 se,
622 4809 674 4845 uon
702 4792 785 4843 turbis
809 4791 968 4862 pessundare

142 4877 272 4930 ,nituntur
292 4875 493 4944 rempublicam,
512 4874 556 4926 ced
576 4877 663 4944 potius
680 4877 797 4946 quietem
811 4876 897 4946 ipsius
909 4893 968 4946 pro·

150 4968 246 5012 motem
266 4959 394 5027 cupiunt,
413 4957 462 5011 boc
482 4959 559 5010 unice
576 4959 707 5028 urgendo,
726 4969 755 5011 ιιι
773 4959 802 5012 in
820 4961 966 5012 caurisste·

148 5053 221 5094 tuum
241 5041 350 5112 imperii
371 5052 461 5112 specto
478 5042 534 5109 jure
561 5058 613 5094 non
637 5043 809 5095 clandestinis
835 5045 964 5099 eusebius·

150 5126 267 5178 tionibus
285 5126 375 5178 omnia
394 5135 550 5194 peragentur
566 5161 573 5174 .
591 5124 628 5176 Ex
656 5127 706 5180 boc
732 5129 803 5180 enim
830 5129 964 5199 irregulari

147 5209 305 5277 procedendi
327 5224 400 5260 more
418 5208 507 5262 turbae
530 5209 640 5263 omnino
666 5221 823 5276 noscuntur,
848 5231 912 5282 quar
936 5213 964 5266 in

148 5304 267 5365 tempore
287 5295 433 5364 reprimere
452 5311 584 5348 necessum
606 5306 660 5361 ert,
686 5313 719 5348 ue
745 5296 878 5352 radicibus
904 5299 969 5352 actis

148 5379 278 5447 reparatio
298 5378 424 5431 reddetur
443 5375 592 5432 diffieilior.
605 5379 661 5433 Nee
679 5381 721 5433 bic
739 5383 903 5450 ellependum
916 5395 965 5448 est,

148 5463 251 5530 publica
270 5463 382 5516 utilitete
401 5465 463 5517 brec
480 5464 642 5534 singulorum
661 5467 826 5522 incommode
845 5467 964 5538 rependi:

147 5545 191 5594 sed
211 5546 366 5598 inserteudx
385 5547 446 5600 brec
465 5548 554 5619 potins
572 5563 666 5618 erunte
685 5564 709 5607 et
731 5553 780 5607 boc
798 5557 876 5612 modo
900 5559 962 5614 eiie.

147 5628 243 5680 rendi:
262 5638 290 5680 ot
309 5632 386 5683 unios
404 5632 511 5685 utilitati
532 5632 653 5691 lestiocte
672 5639 828 5696 executione
845 5648 959 5702 consule·

239 5713 343 5775 seruili
359 5715 420 5770 Vol.
445 5719 526 5772 Vlll.

1025 3140 1083 3174 cum
1104 3121 1215 3174 domino
1234 3121 1455 3189 jurisdictionis
1448 3123 1515 3172 inito
1541 3117 1643 3188 acquiri
1667 3111 1780 3184 posset?
1807 3110 1838 3162 Et

1022 3201 1116 3260 frustra
1136 3206 1179 3257 bic
1199 3208 1335 3274 reperitur,
1355 3207 1385 3258 iu
1403 3205 1511 3272 iudiciis
1530 3201 1687 3258 subalternis
1712 3199 1779 3250 benc
1798 3212 1838 3246 se·

1024 3289 1184 3357 perationem
1206 3291 1343 3360 potestatis
1361 3289 1497 3356 indicendi
1517 3297 1544 3342 et
1565 3281 1710 3360 exequendi
1729 3277 1837 3332 admitti

1023 3387 1119 3437 posse,
1138 3389 1190 3426 non
1211 3375 1239 3426 in
1257 3374 1367 3440 judiciis
1389 3365 1539 3440 supremis.
1567 3368 1736 3421 Diuersitatis
1760 3364 1832 3415 enim

1024 3457 1151 3509 sotionem
1172 3458 1301 3521 desidero,
1321 3475 1386 3528 quse
1404 3474 1455 3508 non
1474 3473 1506 3506 ex
1525 3451 1672 3506 eminentie
1687 3443 1781 3500 summi
1798 3448 1836 3513 ju·

1024 3537 1092 3592 dicis
1113 3541 1245 3610 petendu,
1263 3545 1309 3595 sed
1328 3539 1537 3602 ostendendum,
1556 3539 1635 3590 elium
1655 3550 1710 3586 esse
1727 3529 1837 3599 jurisdi-

1022 3623 1118 3676 ctionis
1135 3635 1160 3677 et
1178 3629 1345 3680 executionis
1362 3626 1489 3688 indolem,
1508 3633 1632 3692 quantum
1653 3637 1688 3672 sc.
1707 3616 1737 3669 ed
1763 3631 1836 3668 exet·
1907 3645 1911 3652 ·

1021 3707 1125 3770 citium,
1144 3709 1165 3762 si
1186 3710 1248 3764 bueo
1267 3711 1295 3762 in
1316 3712 1450 3780 superiori
1469 3709 1509 3761 rel
1527 3705 1647 3759 iniesiori
1665 3700 1763 3770 judicio
1788 3699 1836 3750 ud·

1023 3791 1198 3846 ministretur.
1218 3794 1364 3864 Utrobique
1382 3793 1455 3846 enim
1473 3790 1627 3844 executione
1640 3801 1705 3854 opus
1718 3793 1766 3848 est,
1779 3782 1833 3843 sed,

1022 3883 1049 3926 ut
1068 3878 1206 3946 utrobique
1224 3877 1294 3932 idem
1313 3879 1407 3944 iudex,
1425 3877 1471 3946 qui
1490 3875 1650 3928 sententium
1672 3869 1747 3932 tulit,
1760 3868 1833 3918 itnm

1019 3969 1180 4026 exequetur,
1198 3963 1271 4015 nullo
1290 3962 1431 4016 retiocinio
1449 3961 1604 4013 eriucctur·
1626 3957 1681 4006 lmo
1698 3973 1750 4022 quo
1767 3955 1833 4004 erni·

1020 4041 1126 4093 mentior
1143 4042 1222 4109 judex
1241 4059 1293 4107 est,
1313 4066 1343 4100 eo
1362 4047 1448 4098 minus
1467 4061 1514 4096 usu
1539 4039 1700 4094 Germanice
1723 4053 1750 4088 ce
1776 4051 1833 4088 exe·

1019 4127 1167 4181 cutiunibos
1186 4129 1336 4183 immiscere
1354 4131 1433 4182 solet:
1453 4127 1522 4180 nibil
1548 4143 1562 4178 e
1583 4125 1619 4176 im
1647 4120 1832 4190 frequentius,

1017 4227 1094 4280 qtum
1113 4213 1180 4282 quod
1199 4229 1273 4266 censa
1292 4227 1339 4282 per
1356 4213 1556 4281 eppellaticnem
1571 4209 1603 4263 ad
1621 4206 1740 4274 superius
1757 4203 1830 4270 judi·

1017 4297 1086 4350 cium
1105 4299 1223 4352 desoluts
1242 4299 1325 4353 stibi
1344 4296 1511 4360 confirmate,
1528 4293 1678 4348 executioni
1698 4300 1784 4344 tumen
1804 4305 1832 4338 se

1018 4399 1070 4433 nun
1090 4383 1238 4438 immiscent
1262 4385 1392 4453 judicium
1413 4382 1549 4451 superius,
1568 4380 1613 4432 sed
1631 4379 1740 4446 proprio
1759 4385 1831 4427 motu

1018 4482 1121 4520 censam
1141 4469 1259 4522 remittat
1276 4469 1308 4524 ad
1328 4469 1491 4530 inferiorem,
1510 4477 1538 4519 ut
1557 4465 1601 4517 bic
1620 4461 1773 4515 sententium
1787 4475 1832 4510 ex·

1016 4563 1141 4618 equatur.
1159 4554 1192 4606 Et
1209 4554 1243 4606 ob
1263 4555 1328 4606 bunc
1340 4572 1440 4607 corisum
1457 4549 1624 4606 Praesidibus
1637 4543 1828 4615 prouinciarum

1017 4636 1191 4688 executionem
1212 4638 1377 4690 commisisse
1395 4637 1496 4706 priscos
1516 4635 1602 4702 impp.
1620 4631 1829 4684 demonstratum

1018 4731 1056 4772 est
1072 4723 1154 4790 posit.
1172 4723 1197 4772 2.
1224 4721 1284 4774 imo
1303 4725 1325 4776 si
1345 4721 1429 4774 adhuc
1448 4719 1525 4772 bodie
1544 4720 1573 4771 iu
1593 4715 1724 4786 supremis
1741 4715 1829 4779 impe·

1019 4805 1052 4858 rii
1072 4807 1178 4872 judiciis
1198 4809 1400 4876 pronuncietum
1419 4807 1465 4868 sit,
1483 4817 1507 4858 et
1526 4806 1589 4867 itte,
1608 4803 1654 4871 qui
1671 4799 1828 4861 succubuit,

1018 4907 1070 4942 non
1089 4891 1123 4942 sit
1140 4891 1205 4945 ciris
1224 4892 1403 4954 immedirtus,
1423 4893 1469 4943 sed
1488 4891 1534 4943 elii
1555 4887 1671 4957 principi
1692 4885 1731 4935 sel
1750 4883 1828 4936 stetui

1017 4977 1162 5040 subiectus,
1181 4995 1231 5028 nun
1257 4977 1441 5029 commisserio
1465 4975 1567 5029 cuidant
1594 4967 1828 5028 extrsordinerio,

1017 5059 1061 5112 sed
1077 5061 1238 5130 magistratui
1251 5063 1370 5114 executio
1382 5059 1584 5122 committenda,
1600 5073 1648 5124 pec
1661 5069 1754 5108 recers.
1765 5054 1827 5114 imp.

1016 5144 1048 5197 rie
1064 5163 1139 5198 uene
1159 5145 1237 5200 ssidis
1255 5153 1277 5208 §.
1296 5147 1359 5196 160.
1379 5145 1422 5196 Es
1437 5145 1491 5196 soll
1507 5143 1551 5196 tte
1576 5141 1719 5194 execution
1742 5133 1830 5190 sonui

1018 5227 1086 5298 suff
1097 5231 1148 5284 tien
1168 5229 1329 5284 Peren-Feli
1343 5230 1386 5282 uls
1405 5228 1434 5283 in
1453 5229 1503 5281 der·
1518 5230 1612 5293 Haupt
1624 5226 1730 5279 derben
1742 5223 1831 5277 ssiner

1019 5314 1163 5384 Obrigleit,
1181 5316 1248 5370 oder
1264 5312 1317 5381 (in
1336 5329 1397 5366 cssu
1414 5329 1450 5366 sc.
1469 5313 1492 5364 si
1511 5307 1676 5379 exequendus
1688 5311 1725 5363 sit
1737 5309 1830 5361 imme·

1016 5395 1126 5468 dietus)
1145 5399 1190 5452 ties
1209 5401 1337 5466 Kreyses,
1355 5396 1386 5447 in
1405 5397 1464 5448 dem
1483 5413 1515 5448 er·
1530 5411 1649 5462 geressen
1668 5392 1735 5446 oder
1754 5393 1829 5462 begui·

1014 5490 1080 5543 tert,
1099 5481 1342 5538 oussclrreibenrten
1368 5481 1485 5534 Fitrsten
1511 5477 1677 5549 eniesolslen
1702 5478 1828 5540 werden,

1014 5565 1198 5634 quodetiam
1217 5579 1292 5619 einer
1311 5577 1410 5618 centnm
1431 5563 1528 5618 settin
1547 5567 1609 5617 ord.
1626 5581 1695 5619 enne.
1711 5572 1782 5623 nort.
1802 5561 1827 5612 3.

1014 5649 1056 5704 tit.
1074 5647 1116 5702 18.
1135 5657 1157 5714 ι.
1175 5651 1200 5704 d.
1219 5651 1245 5701 e.
1265 5662 1290 5705 et
1308 5653 1335 5702 7.
1364 5649 1393 5702 Si
1414 5663 1473 5704 reso
1494 5649 1661 5714 megistrutus
1678 5643 1827 5700 ordinerius

1543 5731 1579 5782 69
