4338 6180
429 228 502 286 etur
1009 223 1222 282 Disseruit.
1241 223 1358 280 cetur
1375 225 1433 280 XX·
1936 223 2020 278 1106
2097 285 2099 292 ,

375 324 416 378 rui
436 319 557 374 executio
576 317 744 382 demendsta,
771 319 817 375 ilie
843 338 870 374 se
895 323 962 374 ultro
987 321 1122 390 ingerere,
1149 332 1192 375 aut
1212 327 1219 372 t
1243 339 1301 374 eom
1324 331 1374 374 est.
1392 322 1409 374 l.
1430 321 1455 372 6.
1473 335 1496 372 e.
1513 319 1549 374 ele
1564 317 1637 392 piger.
1658 315 1675 370 l.
1696 319 1739 370 16.
1747 316 1789 386 ffi
1804 317 1879 398 qued
1903 332 1965 374 mer.
1994 338 2100 384 cam,

372 421 460 462 contra
480 408 638 460 sententiam
656 423 730 474 egere
749 425 801 460 non
820 415 913 478 potest.
936 405 1017 474 Atqui
1033 407 1191 458 circulorum
1244 405 1319 474 Quod
1337 404 1426 458 comiti
1446 403 1634 474 sterenbergio
1653 403 1687 457 ab
1713 403 1779 472 imp.
1808 403 1961 462 commissio
1987 404 2086 469 data,

371 493 546 548 directoribus
571 503 620 544 etc.
640 492 690 546 Sed
711 491 795 545 fecitis
820 511 865 546 ero
891 494 918 544 in
947 490 1115 543 concedendo
1141 503 1193 542 toto
1243 502 1268 543 nt
1286 491 1388 544 eleoori
1410 488 1528 544 Palatino
1547 489 1574 540 in
1596 487 1772 556 remipersnds
1785 491 1950 559 possessione
1969 489 2083 542 electo-

374 586 538 645 argumento:
556 573 628 626 aliud
647 574 718 626 enirn
733 589 770 630 est
782 577 876 646 exequi
891 575 1056 638 renuntiare,
1069 583 1112 628 aut
1126 574 1193 628 benc
1243 581 1314 626 ratus
1331 572 1488 633 assisteret.
1506 571 1557 624 boc
1575 572 1691 640 repetam
1714 589 1766 624 non
1787 570 1933 642 infringet,
1952 589 2004 626 nec
2026 591 2083 641 pe·
2098 575 2099 596 ³

263 715 265 722 ,
374 660 546 730 impugnare3
565 658 641 712 uliud
659 659 841 716 executionem
861 659 1011 716 inordinate
1036 656 1131 714 beten
1149 665 1193 712 sut
1245 658 1337 712 tientie
1351 659 1432 715 unius
1445 658 1537 711 circuli
1549 659 1659 712 citerius
1673 659 1725 726 juri
1736 657 1828 711 obesse
1842 658 1944 728 poterit.
1959 658 2083 728 Quodsi

377 741 522 800 luciendam
544 743 683 812 impedire.
1243 754 1333 795 enetos
1351 742 1386 795 ad
1407 742 1556 811 exemplum
1576 742 1741 796 executionis
1764 740 1918 795 eriurteusie
1938 743 2079 811 respicit,

1242 828 1324 879 estius
1340 837 1397 891 est,
1416 827 1477 880 teiie
1505 844 1557 880 nco
1582 825 1710 880 refricari.
1731 827 1770 880 De
1789 844 1817 878 ea
1836 825 1938 878 Gallice
1956 843 2007 879 rex
2039 825 2080 877 li·

1242 910 1305 962 teris
1324 907 1355 958 aei
1375 925 1462 976 regere
1484 908 1592 963 Sueeiee
1611 909 1682 962 datis
1698 908 1762 977 quid
1781 909 1926 977 scripserit,
1944 909 2077 974 exbibet,
2103 935 2106 988 1

374 985 1026 1057 ΡΐῡόᾱῑϋΐθῖθωμῖῖῐιῐΜΡθΜῙΝὺῙΜῙΜῙΜ
1041 978 1194 1048 mimis
1241 995 1388 1046 etietarum
1404 994 1541 1046 literarum
1557 1003 1674 1048 tenorem
1687 991 1972 1062 resertLondorp.oct.
1987 993 2076 1062 pulei.
2104 993 2107 1086 l

442 1075 480 1128 od
492 1073 635 1128 directorio
647 1072 809 1126 circulorum
823 1087 879 1124 non
894 1068 1125 1123 essecestrietone.
1158 1081 1162 1088 ·
1242 1074 2075 1147 adam„tantm,17,Qut,t,tt„dett00negotionem

1241 1156 1339 1223 fuerit,
1359 1177 1410 1212 non
1423 1169 1492 1223 eet,
1519 1171 1549 1212 ut
1569 1161 1674 1228 prolixe
1692 1175 1762 1212 nunc
1779 1157 1932 1212 scieramus.
1954 1161 2019 1228 Legi
2041 1178 2073 1213 ee
2106 1161 2108 1214 i

377 1175 478 1300 Quod
499 1246 526 1300 in
545 1262 600 1311 cep.
618 1244 644 1296 6.
664 1244 714 1311 jem
735 1245 1004 1300 treetorerstnnctor,
1024 1235 1195 1306 noroeapite
1242 1242 1274 1294 de
1293 1259 1320 1294 re
1339 1253 1447 1312 possunt
1472 1244 1568 1297 literne
1595 1244 1720 1297 electoris
1747 1241 1970 1312 brandenburgici
1995 1246 2073 1314 apud
2106 1230 2109 1296 ἶ

375 1333 461 1384 denuo
480 1331 639 1400 aggreditur,
658 1328 717 1382 scil.
738 1327 923 1396 imperetcrcm
944 1330 1114 1376 executurum
1135 1338 1192 1372 ⁸0⁰·
1243 1327 1426 1398 concerpat
1443 1327 1467 1380 d.
1489 1345 1554 1381 oren.
1573 1346 1631 1394 cop.
1652 1328 1696 1391 te,
1716 1329 1772 1380 lecu
1788 1329 1853 1397 quid
1873 1331 1970 1398 reliqui
1981 1341 2072 1382 steens
2108 1321 2109 1326 ¹

375 1417 470 1476 tentias
490 1435 541 1470 nou
560 1410 694 1480 adstringi
720 1412 752 1463 nd
773 1402 1193 1473 001010ῐὶ0ῦὶῐῦυῑθῐῡωῑῳιῡᾶ
1245 1412 1352 1481 imperii
1379 1411 1408 1466 in
1436 1413 1555 1465 coenitiie
1573 1413 1722 1481 congregati
1746 1411 1781 1465 de
1805 1413 1853 1463 boe
1879 1413 1936 1481 ipso
1958 1415 2070 1484 negotio
2110 1422 2111 1466 t

377 1501 506 1569 exemplis
525 1515 553 1550 se
571 1495 743 1566 probaturum
764 1491 906 1563 promittit.
924 1492 1041 1552 Verum,
1061 1507 1112 1542 nou
1131 1487 1194 1556 quid
1245 1497 1394 1558 nemerim,
1414 1496 1499 1550 rident
1520 1510 1604 1565 potere
1618 1514 1669 1550 m
1679 1499 1739 1550 ,tm
1756 1497 1991 1551 nnetrnttnuder
2003 1503 2069 1554 Bet.

377 1584 477 1638 Romee
495 1582 603 1643 sectum,
623 1579 669 1630 sed
687 1578 749 1648 quid
770 1574 828 1630 fieri
848 1575 979 1638 debuerit,
1007 1573 1194 1626 ostendendum
1245 1585 1517 1652 ,tuymmmmg
1530 1584 1597 1638 nt„
1615 1584 1664 1636 ,tan
1681 1580 1853 1652 Manem,
1868 1584 1977 1651 mm„
1994 1586 2068 1656 ,pud

375 1687 442 1734 esse,
461 1669 563 1722 monuit
580 1664 712 1734 quondum
733 1663 857 1714 Proculus
875 1661 902 1712 in
922 1660 940 1710 l.
961 1659 1003 1710 12.
1015 1655 1056 1724 ff.
1069 1657 1101 1708 de
1120 1655 1196 1726 offic.
1245 1669 1365 1728 eumaem
1382 1669 1519 1738 ffl‘st't·
1532 1687 1591 1734 cop.
1607 1669 1651 1720 Η,

376 1751 502 1806 Prctett'd.
521 1750 552 1803 El
571 1749 675 1810 Vellem,
694 1764 746 1800 nott
767 1752 929 1814 ltl'olfflml
942 1741 973 1798 flii
990 1743 1119 1810 exempli,
1131 1757 1197 1810 qim
1281 1755 1370 1823 Qfflg
1389 1767 1436 1806 pm
1454 1753 1605 1822 amplum
1625 1749 1744 1806 enimi·
1760 1748 1986 1813 (januariensis,
2007 1751 2065 1818 nbi,

376 1832 636 1906 plerumqucodiusn.
648 1831 723 1884 Certe
736 1829 841 1884 «luceius
855 1827 1092 1895 mccllwltutilffl
1107 1843 1193 1880 mm·
1247 1840 1385 1906 preeteeito
1402 1837 1549 1890 directurio
1566 1837 1659 1892 circuli
1675 1834 1783 1901 suevici,
1794 1834 1855 1887 duci
1870 1833 1997 1888 Bereriee
2010 1855 2066 1891 exe·

379 1921 422 1989 1³¹⁰
441 1935 497 1972 ²⁵⁵⁸
517 1915 705 1986 0011116110ἰᾶ
727 1914 887 1968 lsswfflfflfflll
899 1931 986 1967 mum
1000 1913 1076 1974 ffflb
1094 1923 1195 1965 milen·
1244 1923 1316 1975 cotio
1334 1925 1490 1985 commisso,
1510 1919 1686 1994 nornsshuie
1710 1922 1748 1973 rei
1769 1927 1939 1972 rooneentnen'
1957 1920 2063 1974 efferet:

379 2007 429 2056 tias
449 2021 497 2074 pro
515 2001 599 2055 lubitu
618 1999 729 2070 exequie
747 2011 774 2052 et
790 2017 868 2068 quem
889 2015 979 2068 petum
999 1995 1027 2048 id
1052 2006 1133 2048 lulum
1159 1996 1196 2048 *ll
1246 2007 1362 2058 etenim
1383 2019 1490 2068 tecearn,
1508 2025 1584 2075 quaen
1606 2003 1753 2059 infeliciter
1765 2003 1810 2058 iile
1824 2005 1939 2056 executio
1954 2009 2063 2059 cesserit

379 2087 491 2140 restibus
512 2085 636 2155 imperil·
657 2085 706 2137 hcc
725 2085 801 2136 modu
822 2082 967 2153 proriueiis
992 2079 1061 2142 suis,
1087 2077 1119 2129 eb
1142 2077 1197 2132 eris
1248 2089 1367 2157 imperio,
1386 2101 1412 2144 et
1428 2092 1549 2144 omniurn
1569 2092 1733 2143 circuitorem
1751 2091 1915 2142 occasionem
1929 2092 2063 2160 utriusque

378 2169 511 2239 stivisque
529 2169 653 2220 eoertinuo
680 2169 816 2237 sscgieicis
842 2168 921 2226 dtrctc
947 2164 978 2218 ed
1003 2181 1030 2216 ⁸⁸
1053 2162 1196 2222 deflectit·
1248 2171 1386 2240 religionis
1403 2176 1518 2228 statibus
1537 2174 1649 2237 dederit.
1665 2183 1765 2228 eertum
1780 2183 1828 2238 est,
1842 2191 1894 2225 non
1905 2177 2063 2244 acquievisse

378 2257 494 2322 expelii,
516 2255 625 2323 illasque
651 2253 723 2307 noeis
743 2253 941 2322 possessoribus
968 2249 1084 2302 conferri
1113 2264 1195 2316 poese-
1247 2253 1310 2306 buic
1328 2256 1475 2310 executioni
1495 2258 1592 2312 suerioi
1612 2259 1704 2312 circuli
1720 2257 1874 2324 directores,
1891 2259 2060 2312 eicntetsta·

379 2340 617 2394 Wslieosteiniurn
638 2338 775 2404 intelligo,
797 2345 833 2388 tot
851 2335 975 2388 caedibus
1001 2335 1030 2388 iu
1054 2332 1198 2386 Gerroeuie
1247 2349 1286 2390 tue
1302 2339 1448 2406 evangelici
1467 2344 1496 2394 in
1515 2341 1604 2395 literis
1617 2343 1649 2396 sd
1667 2361 1795 2397 eoeserees
1809 2344 1929 2397 detisdie
1942 2345 1986 2395 10.
1999 2345 2064 2414 nenp'i

380 2424 489 2490 clerum,
508 2425 552 2494 qni
573 2423 601 2476 in
621 2423 765 2492 praemium
786 2421 930 2474 elerostetec
948 2419 1117 2482 Germaniae,
1137 2435 1196 2487 pro·
1246 2439 1319 2475 anno
1339 2425 1419 2476 1607.
1438 2427 1549 2494 greriter
1570 2436 1752 2496 sogesserunt:
1765 2427 1893 2481 Detsdie
1905 2428 2062 2484 berebebene

381 2509 486 2576 Scriptis
506 2507 616 2564 ducibus
636 2507 843 2576 tnegopnliixttlt‚
861 2507 935 2574 quttl
955 2506 1127 2559 consiliorum
1147 2505 1195 2556 lto·
1249 2505 1440 2582 Attfflrngertrg
1455 2509 1544 2564 diem
1563 2511 1720 2564 Executr‘nn
1744 2511 1792 2564 der
1814 2513 1983 2568 &erutione
1998 2514 2061 2568 ord.

380 2592 482 2644 entium
493 2593 636 2662 participes
650 2591 771 2654 tuissent,
785 2589 865 2644 citius
879 2600 963 2642 iernen
978 2589 1108 2642 damnatis
1121 2605 1198 2656 quam
1248 2609 1325 2662 rung
1342 2594 1400 2646 und
1416 2593 1865 2666 beryto-Vetfoeeunpnlierdenge
1881 2600 2007 2660 murder,
2023 2600 2061 2652 nit

379 2679 496 2740 auditis,
515 2681 603 2746 etqui
622 2679 684 2730 biuc
711 2676 829 2730 insolitos
855 2675 1020 2729 executionis
1045 2675 1196 2743 exemplum
1249 2676 1382 2730 detinuere
1400 2679 1487 2732 lnater
1504 2681 1649 2743 vercellen,
1678 2679 1738 2732 dass
1763 2679 1807 2735 die
1835 2681 2061 2752 Reiebe-Krcyree

383 2761 519 2824 dederunt,
538 2763 658 2814 demtum
679 2761 893 2828 enegepolitanum
909 2759 960 2812 sibi
975 2759 1200 2826 armgseit.cuius
1250 2761 1325 2814 ntem
1340 2763 1428 2816 sollers
1450 2765 1645 2836 confundit-et,
1669 2766 1786 2820 tonderet
1805 2765 1932 2837 depileren
1958 2766 2062 2838 γεφι-

382 2845 550 2913 iniquitutem
579 2861 626 2898 nec
652 2845 733 2904 mels,
759 2859 807 2894 lien
832 2843 990 2894 directorum
1017 2839 1128 2905 circuli,
1153 2840 1201 2893 sed
1249 2865 1352 2916 tunger!
1370 2849 1496 2917 gelam
1516 2846 1750 2920 rvmienfflsspse
1761 2861 1854 2902 ructor
1864 2853 1993 2918 agnoscit,
2005 2853 2060 2905 huie

639 861 920 916 ccccxxx.

383 2931 462 2984 totius
481 2930 585 2998 collegii
604 2927 751 2984 electoralis
770 2925 855 2980 serbis
872 2925 1010 2980 ostendere
1031 2925 1120 2986 lubet,
1140 2924 1198 2994 qui·
1249 2933 1396 2984 executioni
1416 2935 1519 3000 pubtiee
1531 2935 1706 3003 privatimque
1724 2934 1891 2986 reeiemetnen
1904 2934 2060 2988 inissem

384 3010 433 3062 bees
454 3023 515 3063 tuoe
533 3014 676 3081 temporis,
698 3027 733 3064 rc.
757 3028 834 3063 nnnc
863 3009 943 3060 1620.
967 3009 992 3062 ei·
1015 3009 1060 3059 16.
1078 3008 1200 3077 januar.

385 3094 554 3150 Perdinendo
573 3096 608 3148 ll.
627 3095 690 3168 imp.
710 3095 841 3164 negotium
868 3094 915 3146 hoe
939 3109 986 3164 per
1011 3090 1115 3145 modum
1140 3089 1201 3142 eub-

385 3179 482 3230 rnissoe
501 3178 699 3230 intercessionis
718 3179 866 3246 expositum
887 3177 946 3230 fuit:
967 3177 1040 3232 Deest
1064 3177 1108 3230 die
1124 3179 1201 3230 Hert·

386 3282 449 3333 coge
466 3262 523 3314 tiele
541 3279 571 3315 eo
587 3263 659 3318 notet
668 3260 737 3330 ruff
743 3262 792 3315 dos
803 3262 988 3316 Herkommen
1001 3261 1037 3314 ine
1050 3260 1121 3314 ttee't.
1135 3261 1200 3313 ttet-

387 3350 443 3408 oire,
463 3349 521 3402 renel
537 3350 579 3404 die
599 3363 651 3404 eon
669 3351 750 3402 Ibrer
766 3347 979 3418 Kreyseriieben
1001 3345 1106 3414 Hejeet.
1119 3344 1201 3398 tenen

384 3433 507 3486 ertlree'ite
528 3432 750 3486 Atrecrerotionee
769 3427 909 3498 bernffiu,
929 3428 987 3484 und
1003 3429 1104 3484 endere
1130 3427 1203 3482 niobe

384 3519 497 3586 geteecbt
521 3517 580 3570 und
602 3519 749 3586 gebetben,
769 3517 809 3568 nia
834 3515 895 3570 daec
920 3515 969 3584 bey
993 3512 1203 3584 Koeyeerlieber

387 3601 494 3673 tilen'est.
515 3601 595 3655 ibnen
613 3603 658 3654 ein
676 3601 776 3654 Zutritt
794 3603 852 3656 itere
872 3597 1026 3671 Dqseneion
1046 3601 1104 3653 ond
1116 3599 1201 3652 Notis·

387 3685 474 3752 duqfft
499 3688 689 3756 einerebre'ngen
707 3695 865 3749 veritastet,
894 3687 950 3738 und
974 3683 1012 3738 eie
1037 3686 1186 3752 regeneret
1193 3723 1202 3749 ,

390 3773 465 3822 nebltt
483 3773 626 3840 (lergrrtolt
651 3771 700 3824 nte
726 3771 1032 3826 Eoeecutichroeettett
1057 3787 1096 3822 an
1121 3770 1205 3822 lond

388 3855 554 3908 nettemee
570 3855 695 3907 iibereilet
706 3853 764 3907 tend
775 3854 1015 3923 cernnrhtieeiiiget
1026 3853 1129 3906 werden
1144 3858 1200 3906 nc-

389 3955 448 4006 ten,
468 3939 565 3994 dcretm
583 3938 628 3994 Sic
653 3939 666 4008 (
679 3938 723 3992 die
747 3937 977 4007 oter-Funus)
995 3936 1093 3990 keinen
1123 3937 1201 3992 Unel·

385 4023 591 4090 congemuere
611 4023 728 4085 kdntete,
747 4023 811 4076 ltere
836 4020 981 4092 Kneyserl.
1008 4021 1148 4095 lnjcstnet
1171 4039 1205 4074 su

389 4105 482 4170 ditten,
503 4105 704 4177 medrgedoelete
720 4105 915 4170 supplicirende
933 4107 1085 4173 Hertropen
1101 4104 1132 4157 ite
1158 4107 1205 4159 eot-

389 4189 456 4240 etun
475 4188 553 4242 ibren
573 4189 708 4256 Anliegen
729 4191 804 4242 nictit
831 4189 913 4242 ettetn
939 4191 1078 4260 bepebrter
1096 4207 1204 4246 nemeen

390 4289 422 4324 nu
450 4271 551 4338 ibren,
577 4275 635 4328 und
657 4273 715 4328 iitre
740 4275 894 4344 Defineion
916 4274 984 4344 cerff
1007 4276 1065 4330 und
1087 4293 1202 4330 onxnne·

392 4354 485 4418 tmen.
499 4358 620 4412 eundern
634 4358 689 4412 sicle
705 4359 820 4429 dornuſj
834 4359 902 4414 oncle
915 4359 973 4412 oleo
985 4379 1017 4414 eu
1034 4361 1205 4428 erkinebren,

393 4439 444 4494 scie
461 4459 487 4492 ee
505 4439 627 4511 disefieiir
644 4442 863 4514 oinngexogenee
875 4443 948 4500 ttett.
966 4445 1061 4500 betete
1073 4448 1204 4501 {terton-

391 4539 471 4590 enen,
491 4526 547 4579 und
563 4526 607 4579 die
626 4527 908 4599 Reicies-Verscteung
927 4530 976 4580 neit
998 4531 1055 4584 tiele
1079 4530 1206 4603 dringen.

392 4605 458 4661 teto
476 4609 563 4680 itaque
580 4626 627 4664 sno
644 4611 746 4666 loborat
764 4612 871 4666 domtus
896 4613 1160 4683 Meckleuburpicue,
1180 4629 1208 4669 ut

392 4693 489 4746 nullibi
510 4697 594 4764 major
614 4696 734 4748 celeritas
751 4707 777 4748 et
796 4697 971 4761 irregularitas
996 4699 1025 4752 in
1050 4701 1209 4771 exequendis

393 4783 534 4834 sententiis
551 4783 714 4847 obtinuerit,
731 4801 808 4854 quam
834 4783 883 4836 ibi.
909 4785 961 4839 set
981 4803 1016 4838 ne
1035 4785 1208 4855 imposterum

394 4882 496 4934 quoquc
515 4869 571 4934 peri
590 4867 714 4920 libertate
734 4870 868 4938 principes
889 4869 994 4939 imperii
1014 4887 1044 4924 ec
1057 4878 1138 4922 sistus
1152 4889 1208 4939 pro·

395 4951 587 5016 scriberentur,
606 4962 633 5005 et
658 4953 734 5006 eritis
756 4953 906 5007 'ditionibus
931 4957 1143 5024 expellerentur,
1170 4972 1210 5008 ee-

394 5037 506 5089 eendueo
526 5038 574 5092 luit
592 5039 621 5090 in
640 5039 719 5109 cepit.
737 5037 813 5092 Ferd.
835 5039 881 5092 111.
894 5048 920 5091 et
933 5039 1053 5109 reliquis,
1067 5055 1130 5108 qnue
1144 5039 1210 5092 bene

400 5132 509 5176 secutae.

434 5207 490 5258 btia
508 5210 626 5280 exempta
645 5219 763 5264 recenset
782 5217 886 5272 eccur,
914 5207 958 5261 ubi
979 5205 1031 5278 ipsi
1052 5218 1135 5261 status
1153 5223 1210 5261 exe·

399 5291 526 5343 eutionem
554 5292 658 5362 proprie
683 5295 837 5346 erectoritrte
863 5305 1046 5363 sussceperunte
1072 5309 1136 5364 quse
1159 5311 1209 5348 non

398 5391 479 5442 nego,
498 5377 542 5428 sed
564 5377 640 5440 boec,
659 5376 703 5428 ubi
729 5375 837 5442 dejure
859 5377 1074 5446 disceptationes
1112 5379 1211 5446 pondus

398 5461 528 5530 quoddam
549 5465 653 5531 negotio
672 5461 766 5514 efferre
787 5475 927 5530 nequeunt·
943 5460 1136 5514 pussessionem
1157 5463 1197 5528 pri

399 5555 455 5597 tete
474 5547 636 5612 suetoritnte,
656 5551 676 5598 si
698 5566 772 5599 escere
792 5547 836 5596 itbe
855 5545 899 5611 sit,
924 5543 1121 5615 apprehendere
1140 5541 1211 5598 nelos

402 5647 455 5684 nun
475 5643 529 5686 este
546 5633 611 5687 elios
629 5650 676 5704 per
692 5632 806 5701 judicem
833 5631 944 5704 quisque
968 5631 1102 5702 possident
1125 5645 1208 5684 neces⁴

1251 3025 1304 3066 stre
1322 3025 1408 3066 eutem
1429 3015 1547 3083 subjicit,
1566 3017 1653 3088 quod,
1671 3037 1730 3072 curs
1751 3019 1779 3071 in
1796 3018 1978 3073 instrumento
1994 3025 2060 3086 pecie

1252 3099 1297 3149 ilie
1317 3099 1408 3152 modus
1426 3101 1573 3170 exequendi
1591 3115 1616 3157 et
1635 3103 1701 3157 elice
1718 3105 1886 3158 executiones
1900 3105 2000 3158 silentii
2020 3123 2059 3178 pe·

1252 3185 1295 3253 plo
1313 3183 1441 3238 insolutae
1460 3189 1621 3253 neoterici,
1642 3189 1720 3242 tacite
1738 3189 1963 3259 illesepprobates
1977 3191 2060 3254 inisse,

1253 3283 1310 3318 cunr
1331 3285 1378 3320 nee
1397 3269 1425 3321 ic
1445 3273 1616 3342 sequentibus
1634 3274 1882 3344 capitulationibus,
1901 3293 1948 3327 nec
1967 3293 2060 3329 recessu

1253 3353 1361 3421 imperii
1388 3357 1532 3411 novissimo
1552 3359 1663 3412 abolitae
1689 3358 1797 3412 tuerint.
1824 3359 1865 3412 tt
1890 3361 1953 3412 beee
1978 3365 2059 3429 paucis

1252 3453 1359 3505 repono,
1378 3439 1400 3491 si
1418 3441 1506 3492 omnir
1525 3442 1666 3508 paradoxa,
1683 3460 1748 3512 quae
1766 3444 1807 3496 rel
1823 3455 1882 3498 ente
1909 3446 2006 3498 bellurn
2024 3447 2062 3499 tri

1252 3523 1367 3586 eenoale,
1386 3523 1424 3577 eei
1443 3540 1473 3576 eo
1491 3526 1575 3578 edbnc
1594 3527 1703 3580 durante
1720 3537 1856 3597 suscepta,
1875 3532 2011 3599 spectetine
2034 3531 2059 3582 in

1254 3605 1331 3657 inste.
1351 3623 1406 3674 pac.
1428 3608 1555 3677 tangentis
1574 3621 1601 3662 et
1621 3611 1775 3682 corrigenda
1794 3611 1915 3675 luissent,
1928 3617 1992 3665 adeo
2004 3615 2061 3667 leete

1256 3690 1381 3743 melorum
1401 3707 1473 3759 seges
1492 3711 1518 3747 se
1537 3693 1719 3760 exhibuisset,
1745 3716 1812 3767 quoe
1830 3695 1976 3750 innumeris
1995 3697 2061 3749 isici·

1254 3773 1300 3826 bns
1318 3776 1362 3827 six
1381 3777 1528 3831 resecando.
1548 3779 1673 3843 interim,
1693 3796 1725 3832 ne
1744 3783 1804 3834 tolie
1832 3783 2012 3849 contingerent
2028 3783 2060 3833 ni·

1257 3861 1353 3921 terius,
1372 3861 1434 3913 setis
1452 3872 1554 3914 centurn
1574 3875 1622 3927 est,
1643 3873 1699 3916 tens
1720 3863 1749 3915 in
1769 3865 1815 3915 iilo
1827 3865 1897 3933 pacis
1910 3865 2062 3916 instromen-

1255 3954 1296 4007 to,
1314 3960 1391 4011 qoem
1419 3944 1446 4010 ip
1463 3944 1698 4014 cepteutettontbus
1723 3955 1751 3998 et
1777 3948 1885 4013 imperii
1909 3947 2059 4009 recessibus,

1254 4029 1310 4094 iure
1326 4025 1470 4100 exequendi
1489 4028 1646 4081 circulorum
1666 4028 1838 4082 directoribus
1851 4031 1944 4080 iteruin
1963 4032 2060 4084 iterum·

1254 4132 1304 4184 que
1316 4125 1433 4176 esserto,
1445 4114 1481 4166 uti
1493 4125 1624 4166 onensueu
1637 4127 1673 4167 est
1683 4115 1764 4182 poete.
1781 4115 1806 4165 ³.
1820 4121 1847 4166 et
1858 4112 1884 4164 1.

1518 4238 1708 4292 CAPUT
1744 4239 1814 4292 xxt.

1256 4357 1404 4414 Distinetio
1423 4361 1468 4412 eit
1485 4355 1628 4413 directim
1647 4367 1672 4410 et
1692 4355 1875 4429 compulsione
1893 4357 1921 4410 in
1937 4358 2061 4414 eccene

1532 4441 1614 4497 nilne
1631 4441 1797 4497 ettettentn.

1258 4567 1350 4672 Nove
1370 4615 1432 4669 boec
1447 4613 1532 4687 quood
1546 4612 1723 4666 executionem
1738 4611 1875 4663 distinctio
1886 4621 1926 4664 est
1938 4611 2061 4666 intersim

1260 4703 1416 4758 directiram
1435 4714 1460 4754 et
1478 4699 1674 4767 mmputsieaeo.
1696 4697 1800 4751 lieetios
1818 4695 1987 4748 distinxisset
2003 4701 2063 4750 inter

1259 4785 1424 4842 executionis
1443 4783 1675 4838 comminationem
1695 4792 1722 4834 et
1740 4783 1798 4845 eins
1816 4786 1913 4833 reatem
1927 4782 2063 4849 expeditio·

1260 4889 1330 4936 neme
1349 4871 1387 4925 rei
1407 4870 1429 4923 si
1449 4869 1540 4930 meeis,
1560 4866 1631 4920 inter
1643 4866 1825 4919 executionem
1841 4865 1968 4940 literalem
1980 4877 2005 4919 et
2017 4881 2063 4917 ree·

1258 4959 1328 5022 lem,
1347 4973 1412 5026 quse
1430 4951 1569 5006 distinctio
1594 4949 1705 5003 tondete
1732 4950 1761 5002 in
1787 4949 1859 5004 clero
1885 4959 1956 5003 textu
1980 4963 2062 5004 reeetr.

1259 5043 1353 5112 imper.
1373 5038 1472 5093 noune.
1489 5035 1512 5108 §
1532 5035 1594 5090 tttt.
1613 5035 1659 5088 lile
1686 5033 1799 5088 summis
1819 5035 1885 5103 imp.
1904 5035 2064 5088 tribunatibus

1262 5126 1352 5180 relicte
1371 5137 1428 5188 est,
1445 5134 1474 5175 ut
1492 5121 1549 5174 scii.
1568 5121 1714 5174 sententiae
1741 5119 1889 5173 terminum
1920 5122 2063 5188 peritoriunt

1261 5211 1309 5264 sub
1327 5218 1398 5262 certa
1417 5225 1499 5276 poene
1517 5202 1643 5266 inierant,
1661 5221 1713 5272 quo
1731 5206 1795 5258 hnic
1808 5204 1859 5257 snb
1872 5206 2065 5258 comminutione

1263 5295 1339 5349 redis
1356 5289 1517 5347 executionis
1534 5296 1628 5359 pereat
1645 5287 1735 5342 rictus·
1755 5287 1834 5358 Quod
1852 5289 1874 5341 si
1894 5306 1955 5342 aero
1972 5305 2020 5340 non
2031 5307 2064 5356 pe·

1263 5379 1354 5444 ruerit,
1373 5379 1401 5430 in
1421 5395 1533 5447 poenam
1551 5371 1659 5445 quidem
1678 5373 1882 5436 condemnator,
1902 5373 1948 5426 sed
1961 5371 2064 5426 executio

1263 5463 1349 5528 restis,
1368 5477 1432 5529 quae
1450 5461 1501 5528 jem
1521 5457 1649 5526 seqnitur,
1669 5473 1723 5510 non
1741 5475 1787 5526 per
1812 5458 2010 5526 imperatorem,
2026 5455 2063 5508 eei

1262 5562 1309 5614 per
1328 5545 1472 5597 directores
1489 5541 1645 5596 circulorum
1664 5540 1838 5609 expedienda.
1856 5541 1881 5594 d.
1902 5557 1954 5594 ree.
1975 5533 2064 5606 iorni

1265 5629 1327 5684 tec.
1347 5629 1455 5700 Largior
1472 5629 1559 5700 itaque
1583 5636 1687 5680 eotenus
1711 5627 1825 5691 auctori,
1850 5630 1921 5698 qnod
1947 5627 1983 5682 ris
2007 5623 2064 5676 dire·
