4382 6222
242 419 297 476 'idi
612 415 661 472 DE
677 411 921 472 OBhlGh'l'lolili
939 407 1192 470 FlLlll’hhlltth
1211 411 1359 470 tnwtw
1376 431 1439 474 arc·
1750 423 1814 478 'rto

187 513 216 568 dt
228 531 286 584 arg.
305 510 324 566 l.
342 483 409 576 hl·
428 510 454 564 Β.
472 519 499 566 et
514 509 542 567 b.
561 509 616 566 ibi:
633 510 784 564 sedtnmers
800 507 875 562 etei
892 505 1003 576 eant-ff
1056 507 1137 560 armis
1155 523 1209 560 non
1226 518 1351 574 utuntur,
1370 509 1399 563 in
1418 506 1515 564 militia
1541 504 1622 565 strils
1645 511 1768 586 perieulis
1786 519 1869 574 eboc:

188 597 222 650 rie
237 595 322 662 merel.
340 593 409 665 quod
427 603 562 648 castrense
578 595 726 659 concernit,
744 607 802 647 curn
822 603 847 647 et
870 594 942 662 ipsse
961 611 1001 646 ea.
1058 592 1117 645 xiae
1133 601 1212 657 sunt,
1229 591 1323 662 quidni
1341 611 1385 647 eas
1403 591 1551 664 privilegiis
1568 612 1669 666 quoqne
1687 615 1717 652 ac
1734 597 1870 655 larombns

188 688 243 732 stra
260 679 340 734 hodie
358 689 507 750 sequantur,
524 677 618 748 quidni
637 679 778 732 castrensia
792 677 887 731 habere
901 688 1004 747 possent
1057 677 1215 730 militaribus
1233 678 1325 746 dignas
1341 677 1526 745 indicaremus.
1550 695 1609 748 erg.
1626 678 1685 750 bf
1694 679 1734 750 ff.
1751 685 1784 736 aie
1808 693 1868 738 tert.

186 760 272 826 bens,
291 761 314 816 si
334 763 391 815 scil.
409 763 544 830 acquirant
562 764 591 814 in
610 761 711 827 eastris,
729 779 795 832 quae
812 761 945 812 aliusnon
962 778 1003 814 ac·
1059 761 1114 812 ms'l.
1130 761 1149 812 l·
1164 758 1258 828 east.
1270 761 1301 814 dr
1315 761 1340 813 i.
1350 780 1375 828 p.
1396 779 1433 816 esc
1452 772 1512 816 test·
1530 763 1587 816 mil.
1606 783 1628 822 r.
1647 775 1734 818 umen
1746 764 1869 822 Lanterh.

187 845 373 914 quiricissent:
395 862 478 916 neque
495 847 568 898 enirn
587 861 690 916 semper
706 842 882 897 necessarium
902 853 960 908 est,
974 853 1003 897 ut
1057 843 1096 896 tit.
1111 844 1144 897 de
1154 845 1237 912 pecul.
1251 852 1274 906 ς.
1287 847 1314 898 ’1.
1324 861 1368 914 pr.

188 929 295 981 servitia
317 927 443 981 militaria
463 937 586 996 praestet,
603 929 647 998 qui
667 940 798 980 castrense
815 925 890 996 cupit
909 924 1003 980 habere
1093 927 1164 977 ilaec
1181 923 1315 979 sullieieat
1327 927 1352 980 b.
1364 927 1383 980 l.
1395 931 1469 997 cujus
1477 928 1594 1001 placidae
1604 931 1784 1004 disquisitioni
1800 934 1870 989 banc

188 1013 337 1082 peculium,
356 1011 401 1063 sed
419 1008 535 1076 suffieit,
554 1014 577 1063 si
597 1012 626 1064 in
645 1011 742 1064 militia
760 1011 811 1064 tale
829 1010 892 1082 qnid
911 1012 935 1064 ei
955 1018 1003 1065 otr-
1057 1007 1214 1078 subiecimus
1227 1007 1373 1064 rnat'eriam·
1393 1012 1449 1064 Deo
1466 1030 1526 1067 sero
1543 1032 1568 1067 e.
1588 1032 1623 1068 m.
1636 1018 1871 1084 preconccssissi·

190 1096 288 1160 teniat,
305 1093 374 1166 quod
393 1105 466 1148 extra
486 1095 608 1149 militiam
629 1113 681 1148 non
698 1095 855 1148 atrseatssst.
874 1110 930 1162 erg.
945 1095 963 1147 l,
976 1097 1003 1147 1.
1057 1092 1131 1146 ribus
1149 1096 1308 1150 immortales
1333 1095 1448 1165 persolvo
1473 1111 1571 1168 grates,
1596 1101 1702 1172 ejusque
1725 1100 1871 1158 directioni
1977 1103 1981 1110 '

188 1193 214 1230 c.
232 1177 266 1231 de
281 1188 362 1234 costr.
377 1177 478 1246 proiit
491 1194 554 1234 sane
565 1179 589 1232 ti
601 1179 663 1232 ittae
675 1195 778 1249 quoque
789 1192 926 1248 personae,
937 1192 1004 1248 qaas
1056 1175 1155 1234 tuturos
1173 1181 1275 1234 iabores
1291 1180 1456 1236 commendo·

576 1415 909 1530 ntseuxnntn
939 1417 1206 1496 VlGESlllIA
1240 1419 1483 1494 SEPTIMA

240 1593 1822 1792 uuoouuusuouuuusuuu,

829 1881 859 1924 n.
883 1881 955 1926 aas.
981 1861 1064 1926 antro
1089 1882 1241 1928 nnccvrn.

921 2070 974 2108 PRO
992 2067 1143 2112 Motum

336 2241 588 2310 cutttsTtstt
612 2243 844 2314 NlCOLAUS
869 2241 1087 2329 llOPPlUS,
1111 2239 1490 2332 SOLTQUELLENS.
1515 2244 1735 2314 llllisslllss.

768 2551 1306 2602 ——n-m--a

831 2801 1241 2878 PRAEFATlO.

198 3007 384 3132 Vivimus
399 3066 463 3156 jem
479 3065 534 3132 illa
552 3079 757 3160 tempestate,
773 3069 832 3134 nbi
848 3068 1015 3138 classicum
1031 3070 1164 3138 canitur
1179 3066 1343 3158 qnotidie,
1359 3077 1387 3132 et
1407 3087 1506 3132 nares
1520 3088 1585 3134 non
1603 3081 1728 3133 tanturn
1754 3067 1863 3138 solita·

198 3155 247 3218 rie
264 3156 537 3244 congrediuntur,
554 3157 610 3224 sed
624 3170 656 3225 et
672 3158 789 3225 classes
805 3161 950 3250 integrae
964 3175 1064 3228 semet
1081 3159 1255 3238 invadunt,
1278 3179 1344 3221 non
1365 3154 1471 3222 solnm
1493 3155 1535 3222 de
1554 3168 1712 3236 cruenta,
1743 3159 1799 3224 sed
1830 3174 1863 3226 et

197 3240 298 3306 durbia
313 3261 533 3310 concertantes
552 3246 704 3335 victoria,
720 3247 800 3316 dum
817 3250 948 3352 saepius
964 3273 1030 3317 una
1045 3272 1118 3318 cum
1131 3248 1247 3337 altera,
1264 3246 1398 3312 incenso
1416 3244 1552 3335 pulvere
1568 3245 1685 3336 pyris,
1710 3248 1864 3316 societate

199 3332 286 3396 tristi
308 3333 343 3396 in
360 3333 463 3398 altum
482 3336 640 3420 mittitur,
657 3337 736 3403 inde
750 3337 786 3402 in
805 3339 980 3429 particulas
997 3357 1106 3430 rupta,
1122 3336 1256 3428 lugubri
1273 3337 1456 3425 spectaculo
1477 3334 1512 3400 in
1534 3358 1623 3400 rnare
1650 3335 1835 3403 remittitur
1852 3387 1862 3422 ‚

198 3441 265 3486 non
283 3443 356 3486 raro
369 3447 445 3488 cum
462 3439 568 3516 strage
586 3425 734 3514 plurium
751 3451 851 3518 quam
870 3428 960 3494 mille
977 3429 1134 3497 militum.
1153 3427 1219 3493 atti
1233 3426 1320 3492 ferro
1336 3426 1583 3490 interimuntur
1597 3437 1632 3500 et
1648 3423 1754 3514 globis
1772 3477 1781 3506 ,
1803 3427 1862 3493 alii

197 3507 313 3576 erdere
326 3525 496 3602 coguntur
512 3513 545 3579 in
562 3513 731 3584 fluctibus.
757 3517 848 3583 Adeo
864 3517 949 3584 nihil
967 3518 1134 3586 crudelius
1154 3531 1200 3584 est
1217 3513 1443 3620 congressione
1462 3513 1567 3581 navali
1586 3561 1596 3598 ,
1626 3515 1685 3578 ubi
1710 3527 1744 3580 et
1767 3519 1864 3609 aquis

196 3597 346 3666 homines
365 3615 505 3690 pereunt
521 3615 554 3669 et
570 3602 719 3674 llammis.
736 3607 800 3675 Sed
819 3630 877 3673 nec
893 3606 971 3676 haec
986 3609 1052 3676 sola
1071 3609 1169 3674 meris
1183 3605 1350 3673 calamstas
1366 3616 1415 3670 est
1428 3650 1438 3684 ,
1451 3605 1502 3670 cui
1519 3604 1656 3692 expositi
1678 3615 1758 3670 sunt
1774 3609 1862 3674 nati·

218 3707 321 3757 autes.
340 3689 480 3780 Saepius
493 3715 567 3759 cum
585 3694 660 3761 solis
676 3695 868 3763 certandum
885 3707 931 3763 est
949 3697 1103 3764 lluctibus
1120 3698 1304 3786 ventisque,
1316 3693 1440 3785 quibus
1453 3694 1602 3782 quietem
1617 3693 1789 3785 injungere
1811 3721 1863 3764 so·

194 3713 264 3842 lius
277 3777 412 3845 divinae
428 3781 602 3870 majestatie
620 3801 820 3853 resertetum
837 3802 896 3852 est.
914 3785 1128 3854 Peritissimis
1144 3791 1233 3855 enim
1251 3783 1301 3852 hic
1316 3784 1444 3873 saepius
1460 3783 1666 3874 pereundum
1681 3797 1729 3850 est
1747 3783 1863 3854 Nasar-

195 3866 276 3944 chis‚
292 3869 353 3954 qui
372 3891 430 3954 per
453 3873 565 3958 plures
580 3875 678 3938 etiam
693 3897 793 3942 astrios
809 3875 984 3942 innumera
1007 3881 1106 3944 maris
1123 3875 1268 3966 pericula
1283 3892 1477 3953 evaserunt,
1492 3889 1525 3940 et
1543 3875 1693 3940 victorias
1707 3873 1750 3940 ab
1767 3875 1860 3944 hoste

196 3967 410 4041 reportarunt
422 3958 715 4050 amplissimas,qui
728 3979 835 4052 postea
852 3965 885 4032 vi
903 3971 1102 4052 tempestatis
1121 3969 1155 4032 in
1171 3963 1316 4054 scopulos
1333 3965 1420 4047 illisi,
1437 3963 1574 4028 dolenda
1587 3963 1758 4052 perierunt
1775 3991 1862 4034 mor-

196 4057 245 4110 te.
271 4041 312 4106 Et
329 4043 458 4109 utinam
476 4048 586 4133 paucis
601 4049 722 4114 abhinc
740 4053 908 4118 mensibus
925 4057 1144 4124 tristissimum
1164 4055 1230 4120 tale
1245 4053 1430 4142 exemplum
1451 4054 1544 4118 uobis
1566 4074 1634 4118 non
1656 4053 1861 4126 exhibuisset

195 4131 470 4200 celebratissimus
486 4135 718 4206 Britanorrum
735 4140 843 4206 classis
859 4144 1041 4209 maritimae
1057 4143 1256 4234 gubernator
1276 4139 1472 4225 Choerilus,
1489 4143 1615 4234 quippe

538 4223 684 4294 Interiit
706 4231 811 4298 salsis
833 4231 969 4320 eorporis
977 4232 1151 4324 fluetibus
1175 4231 1299 4298 Heres.

198 4311 261 4380 llic
284 4311 373 4380 enim
392 4312 539 4382 inclutus
553 4316 797 4390 Thalassiarche
815 4371 824 4400 ,
845 4323 887 4388 ab
912 4322 1118 4412 expeditione
1132 4320 1332 4390 Toulonensi
1349 4320 1465 4406 redux,
1480 4321 1547 4388 lere
1575 4321 1713 4409 petriam
1744 4323 1864 4394 iterum

194 4416 424 4494 conspexerat,
446 4428 522 4472 cum
545 4432 651 4499 prope
674 4411 821 4479 insulam
843 4411 948 4503 sailly
970 4413 1007 4479 in
1030 4413 1207 4504 scopulos,
1245 4411 1270 4477 Ρ
1284 4413 1419 4502 Eaeque
1445 4427 1480 4477 et
1508 4411 1559 4478 les
1590 4408 1712 4478 Gletes
1738 4411 1861 4506 dictos,

195 4493 259 4562 sub
276 4496 355 4560 mari
374 4494 558 4584 latitantes,
575 4523 649 4566 cnm
672 4501 747 4568 nari
764 4525 820 4570 sue
846 4501 965 4569 sadum
981 4503 1228 4593 exploraturus,
1243 4499 1365 4568 nebula
1383 4523 1498 4590 magna
1516 4499 1651 4567 noctise
1674 4505 1861 4592 jungente,

195 4584 330 4667 incidit,
347 4605 416 4673 quo
431 4583 516 4650 lecto
533 4589 625 4656 neris
642 4589 721 4656 huic
737 4614 811 4659 sexo
827 4603 916 4658 tante
931 4617 1006 4660 enm
1024 4593 1231 4660 vehementia
1246 4591 1447 4670 illiciebatur,
1465 4603 1502 4656 ut
1517 4610 1583 4657 uno
1596 4593 1687 4680 quasi
1717 4613 1860 4662 momen·

196 4691 228 4739 to
242 4697 317 4740 cum
335 4673 491 4741 omnibus
507 4679 680 4746 tormentis
696 4692 729 4746 et
747 4681 814 4749 lere
830 4703 900 4770 9⁰⁰·
916 4681 1106 4750 bominibus
1119 4683 1406 4774 submergeretur,
1421 4693 1455 4746 ct
1472 4679 1515 4745 ita
1534 4678 1714 4747 Chovelles
1739 4699 1786 4747 tot
1806 4684 1861 4751 ho·

194 4763 296 4829 stium
319 4763 355 4828 in
375 4763 511 4832 marinis
526 4767 659 4854 praeliis
677 4768 779 4838 ricton
796 4772 892 4840 vitam
909 4795 1000 4838 suam
1018 4775 1054 4839 in
1070 4771 1230 4841 fluctibus
1247 4773 1363 4838 nrisere
1378 4769 1539 4860 perderet.
1564 4769 1647 4862 Ejus
1664 4784 1772 4838 tamen
1790 4797 1860 4839 ma-

195 4852 295 4918 nibus
313 4851 507 4943 meritisque
522 4876 636 4924 omnes
652 4859 730 4926 boni
756 4861 982 4951 gratulantur,
996 4863 1087 4954 quod
1105 4863 1195 4930 Deus
1213 4859 1356 4929 noluerit
1374 4882 1492 4951 corpus
1504 4858 1651 4951 relinqui
1682 4863 1716 4925 in
1749 4863 1860 4952 sepul-

195 4958 279 5026 tum,
304 4941 520 5036 piscibusque
536 4945 790 5029 absumendum,
807 4951 859 5018 sed
879 4953 990 5044 potius
1005 4953 1198 5044 dignissima
1220 4965 1310 5018 tanto
1334 4949 1432 5016 beroe
1457 4971 1572 5040 pompe
1595 4949 1861 5041 splendidissime

194 5029 427 5098 tumulandum
443 5039 657 5102 concesserit.
676 5037 801 5106 Verum
819 5065 878 5108 nec
894 5040 977 5108 aliae
993 5043 1111 5110 desunt
1127 5041 1336 5122 calamitates,
1353 5039 1478 5130 quibus
1496 5039 1640 5126 exposite
1663 5054 1741 5105 sunt
1768 5045 1861 5108 nari·

193 5125 258 5212 glas
273 5119 353 5186 dum
371 5145 430 5190 nee
446 5123 587 5190 hostiurn
606 5125 685 5210 tela,
703 5151 762 5196 nee
778 5145 947 5200 ventorum
964 5134 1099 5200 nimiam
1117 5131 1334 5222 experiuntur
1350 5142 1585 5220 tempestatem,
1606 5131 1660 5194 sed
1687 5143 1782 5196 nocte
1812 5149 1858 5199 te·

196 5208 373 5300 nebrisqne
388 5214 681 5300 concurrentibus,
702 5220 880 5287 amicorum
898 5245 998 5290 netes
1010 5221 1212 5314 quandoque
1229 5236 1356 5311 praeter
1372 5221 1561 5306 opinionem
1579 5219 1800 5298 colliduntur,
1824 5236 1859 5288 et

193 5299 355 5366 damnum
381 5325 446 5367 non
471 5303 542 5370 lete
565 5303 627 5370 sibi
652 5305 871 5387 inserunt,de
888 5313 980 5400 cujus
997 5315 1317 5403 reparationequam
1337 5309 1474 5374 maxime
1491 5325 1599 5396 postea
1630 5307 1795 5376 laboretur
1821 5315 1856 5380 in

191 5389 324 5479 judiciis
341 5393 517 5458 maritimis
532 5415 589 5460 seu
609 5393 757 5488 collegiis
772 5398 1052 5486 admiralitetum,
1070 5404 1105 5468 in
1128 5414 1292 5493 quantum
1310 5397 1391 5464 alter
1404 5395 1645 5464 Nasarchorum
1675 5399 1768 5464 alteri
1798 5399 1858 5470 troc

192 5477 327 5546 nomine
342 5477 522 5571 obligetur,
538 5493 571 5548 et
588 5487 806 5574 inquantum
823 5503 996 5580 eapropter
1010 5491 1276 5559 condemnandus
1307 5489 1358 5556 sit.
1378 5483 1450 5551 Non
1471 5488 1607 5574 quidem
1630 5490 1751 5556 desunt
1781 5493 1856 5581 jure

193 5591 277 5636 rom·
294 5582 403 5636 textus
419 5571 569 5661 quidem,
584 5573 624 5640 ad
642 5597 725 5665 quos
741 5576 801 5644 hoe
815 5601 891 5644 casu
908 5583 1032 5648 recurri
1058 5593 1176 5670 posset.
1194 5581 1320 5646 Verum
1348 5575 1517 5640 enimvero
1544 5601 1619 5644 oum
1645 5577 1697 5644 hic
1729 5583 1855 5667 potissi·

194 5681 285 5724 mum
303 5657 342 5724 nd
361 5657 395 5724 tl.
413 5662 594 5738 maritimas
608 5678 639 5729 et
655 5666 912 5734 eonsuetudines
929 5673 1075 5739 nauticas
1090 5669 1325 5739 recurrendum
1340 5667 1394 5746 sit,
1412 5685 1477 5731 non
1493 5665 1633 5744 credidi,
1644 5691 1694 5732 me
1710 5690 1778 5732 rens
1799 5671 1852 5736 in·

196 5747 312 5814 utilem
329 5763 570 5840 srrscepturum,
586 5753 613 5818 si
631 5755 822 5846 speciminis
836 5757 1011 5830 academici
1024 5761 1092 5831 loeo
1106 5787 1145 5832 es
1162 5759 1299 5830 consilio
1309 5757 1433 5851 putrui
1448 5755 1514 5822 mei
1533 5755 1582 5821 od
1597 5758 1730 5826 cineres
1747 5779 1852 5848 usque

276 5849 382 5922 mets
401 5853 461 5910 νοτ.
486 5854 573 5911 V111.
1535 5855 1570 5913 te
