4338 6180
419 255 491 308 ihil
939 239 1479 303 DISPUTthOXXXlV.
1989 235 2047 291 liiii

363 351 438 403 eeneii
459 353 486 403 in
506 366 537 403 ee
558 343 683 400 familieri
708 341 801 412 poptttt
816 341 856 394 sui
875 338 1025 394 fucultatem
1052 347 1179 408 preestel,
1276 331 1299 406 §
1324 335 1368 386 86.
1386 334 1425 386 Ne
1443 350 1503 389 reru
1522 331 1627 402 eliquod
1646 331 1759 388 dubium
1777 369 1791 398 ,
1813 347 1884 402 quo
1906 345 1940 382 se
1950 325 2093 418 ιῖἰιιιιιὴἶ

372 440 442 506 juxte
461 443 484 498 ς.
503 433 584 501 121¹.
603 432 769 498 desuspeet.
787 439 836 482 tut.
854 429 871 479 i.
901 427 925 479 li.
948 437 974 481 et
992 427 1018 476 6.
1027 423 1070 494 ff
1087 423 1148 477 eod.
1166 421 1184 476 i.
1236 427 1274 470 tes
1294 419 1397 470 munire
1415 418 1538 488 possint,
1558 418 1672 488 emplius
1692 415 1849 490 supersit,
1870 429 1980 485 operer
1994 413 2093 482 pruine:

360 519 418 590 fin.
438 537 461 572 c·
479 519 507 572 in
527 517 600 588 quid.
611 530 682 568 cour.
695 515 723 566 in
741 513 840 580 integr.
854 511 937 565 restit.
951 526 1050 565 necess.
1067 525 1122 561 non
1137 517 1185 560 est.
1234 520 1292 557 esse
1310 502 1389 562 diseo,
1409 504 1463 568 ille,
1481 521 1547 573 quee
1564 520 1644 574 supre
1662 505 1805 556 recensita
1828 509 1920 562 sunt,
1937 499 2076 568 penitnsjee

371 599 511 670 Quomodo
530 608 617 668 potest
636 599 747 650 meritus
770 594 858 664 edigi,
876 605 905 646 ut
928 595 1039 646 ulterius
1057 592 1188 646 cohehitet
1237 603 1378 640 remouere.
1398 587 1431 638 i'.t
1441 585 1550 657 quidem
1563 587 1680 657 primum
1694 585 1846 649 dubium,
1865 582 1901 634 in
1920 581 1978 644 §.2
2000 592 2075 646 tectu,

291 727 296 734 .
371 684 446 738 uxori
468 682 647 744 insidietrici,
665 681 689 732 si
708 679 771 732 setis
792 678 903 743 oiieret,
922 695 980 731 cum
999 677 1044 730 ltin
1062 693 1113 728 non
1132 693 1189 744 epe·
1235 671 1367 722 'nonedeo
1386 687 1477 740 meque
1496 669 1598 723 ieborst
1612 667 1784 726 difficultate.
1803 671 1992 722 Proconesus
2004 667 2076 721 ibides

370 778 413 822 tur
432 767 464 821 dc
484 765 627 836 dispendio
647 763 826 828 fortunarum,
844 761 890 816 sed
915 762 947 817 de
964 762 1032 816 eitee
1058 760 1191 828 periculo,
1239 753 1271 806 ed
1290 756 1473 826 exceptionem
1492 753 1611 821 Christi,
1625 755 1711 808 solum
1724 751 1919 808 adulterium
1937 751 2076 820 excipienti

367 851 410 906 cui
431 871 458 905 se
476 853 622 906 neceeseeio
641 851 762 922 exponit,
786 851 832 919 qni
857 867 917 902 cum
943 848 986 902 teli
1006 863 1087 900 uxore
1105 843 1192 897 denuo
1243 837 1294 892 Sed
1312 839 1418 908 quidem
1437 839 1562 893 hectenus
1581 856 1634 892 non
1651 837 1801 906 prohetnm
1828 844 1901 902 est,
1917 834 2077 890 Christenb

368 955 395 988 ς,
414 939 572 1006 ,onjungm
589 935 678 988 debu,
696 951 720 986 ς,
738 933 838 987 xpm,
855 950 964 1006 mm,
985 929 1102 983 maerim,
1123 945 1147 982 ρ,
1167 929 1192 982 8,
1242 921 1286 990 qui
1305 919 1448 975 exclusive.
1460 921 1608 992 Responsio
1621 923 1692 974 euim
1708 920 1883 974 Seleetoris
1899 919 2076 988 inserpere-s

369 1021 455 1072 tneor.
474 1021 500 1071 u.
518 1020 562 1072 tit.
584 1022 608 1070 t.
627 1019 671 1070 otst
688 1040 714 1087 ρ.
734 1018 796 1071 250.
816 1029 938 1071 vincenter
951 1015 1134 1086 ettepersone
1146 1013 1176 1066 tn
1243 1014 1283 1056 est
1295 1021 1328 1056 ex
1340 1005 1514 1058 controversie
1533 1005 1592 1074 tpst·
1604 1003 1723 1058 toemue.
1738 1003 1960 1074 Quaerebam
1972 1003 2076 1066 stistte,

372 1121 471 1158 nocens
486 1102 525 1158 nd
539 1104 778 1173 redintegrandum
791 1104 846 1156 tale
859 1100 1082 1161 matrimonium,
1097 1099 1127 1151 in
1140 1116 1194 1165 quc
1244 1107 1277 1140 ¹⁰
1295 1090 1329 1142 ⁰5
1346 1089 1470 1160 cmvi!
1488 1105 1598 1142 mm
1618 1089 1710 1142 nemi
1729 1087 1891 1142 districte
1915 1087 2078 1178 iilum&

375 1187 521 1239 seeundum
540 1187 626 1240 neria
645 1187 816 1252 imperatorie
834 1186 922 1238 nostri
939 1185 968 1236 in
987 1182 1005 1233 i.
1023 1180 1195 1250 quisquis,c.
1244 1171 1383 1226 sidebetur
1401 1174 1429 1224 iu
1449 1171 1551 1240 tegibus
1571 1171 1695 1224 lioseicis
1718 1165 1898 1222 stetutuere?
1932 1167 1967 1218 ht
1992 1165 2021 1218 ed
2045 1166 2075 1218 ise

371 1267 410 1322 ,ut
427 1270 447 1321 1,
458 1269 513 1341 pap,
534 1268 598 1338 Μή,
616 1269 670 1320 „70
683 1269 812 1338 summ
830 1267 1099 1339 „2„,p,1,·c,·„m‚,e
1119 1279 1194 1316 mon
1245 1254 1416 1326 respondebo!
1434 1256 1570 1323 nepetise,
1587 1252 1747 1320 excipiendo
1766 1249 1975 1302 edulterium.
1991 1247 2076 1300 Non»

369 1353 497 1406 „tapam
529 1351 604 1422 ..ἢεί
620 1371 676 1406 Μ
697 1351 983 1425 ᾰφμηωηωψς
1003 1349 1192 1403 fmwmm.
1243 1338 1291 1391 tou
1321 1350 1409 1394 eutem
1428 1338 1550 1391 Christus
1569 1335 1707 1390 excludere
1724 1353 1829 1388 causes
1854 1337 2075 1400 mejoeeseeto

374 1438 430 1490 mel
452 1437 625 1500 iuteremptus
650 1458 668 1491 e
694 1447 809 1491 nocente
831 1454 883 1503 per
906 1434 1060 1488 cautionem
1079 1431 1114 1486 ob
1132 1429 1190 1500 ipro

373 1519 550 1586 praestitam,
570 1529 595 1570 et
611 1519 682 1586 iuris
701 1519 822 1572 remedio
841 1517 996 1570 resuscitari
1011 1526 1037 1567 et
1055 1515 1084 1566 in
1103 1515 1190 1565 vitum

375 1599 480 1654 restitui
497 1610 627 1668 nequent,
641 1618 690 1652 uec
701 1610 812 1666 propter
829 1601 919 1654 dolum
933 1609 958 1652 et
971 1597 1173 1652 contumaciam
1181 1631 1190 1658 ,

376 1683 432 1738 imo
453 1681 615 1736 intentatum
631 1683 809 1752 parricidium
832 1701 969 1748 perronae
987 1680 1109 1734 numetis
1126 1697 1190 1732 cott·

368 1763 433 1838 jugi
453 1763 607 1826 innocenti,
632 1765 800 1828 prohibendo
827 1766 879 1832 r'pss'
905 1767 1017 1820 ulterius
1048 1763 1189 1817 matrimo-

375 1847 467 1908 nium,
485 1846 578 1915 iupuei
594 1847 771 1900 conscientiae
788 1846 931 1922 injicieudi
947 1858 1021 1904 sunt.
1039 1860 1091 1902 eto·

406 1931 431 1996 ς.
445 1929 487 1979 st.
507 1927 566 1980 Nou
580 1931 635 1982 lese
647 1947 747 1999 quoque
760 1945 942 2000 ergumeutum
962 1951 1009 2002 pro
1023 1932 1070 1983 hec
1085 1942 1190 1985 senten·

372 2012 408 2066 tie
427 2011 519 2066 deduci
539 2023 622 2080 potest
642 2029 673 2064 ex
692 2013 750 2083 ipso
770 2013 865 2068 delicto
882 2015 917 2067 eb
935 2032 1014 2068 uxore
1028 2015 1193 2068 insidieteioe

370 2096 519 2148 commisso.
537 2096 669 2148 Videlicet
686 2113 720 2150 ex
737 2099 796 2164 jure
820 2098 892 2152 cirili
919 2109 1008 2150 uotum
1034 2108 1090 2164 est,
1116 2115 1188 2151 cone-

370 2191 426 2232 tom
444 2178 601 2243 occidendi,
627 2179 741 2248 adeoque
757 2190 784 2233 et
802 2181 915 2233 insidies
940 2180 1007 2234 eites
1026 2191 1136 2235 sttuctes
1152 2199 1193 2234 or·

369 2264 499 2316 diueriem
519 2281 627 2331 poenum
648 2263 790 2328 meruisse,
809 2265 827 2316 i.
846 2266 871 2315 7.
884 2265 910 2316 8.
924 2265 948 2316 9.
961 2281 983 2317 c.
998 2262 1036 2314 ud
1046 2266 1064 2315 1.
1077 2265 1191 2320 Comei·

370 2347 401 2400 de
413 2345 493 2400 sicne.
512 2345 529 2396 l.
545 2350 570 2398 1.
590 2353 611 2410 §-
625 2347 650 2396 ³.
660 2345 692 2413 ff
702 2346 761 2399 eod.
773 2347 818 2415 qui
836 2349 908 2400 onim
922 2347 1031 2400 citerius
1044 2349 1111 2402 ritee
1126 2350 1192 2402 insi·

369 2430 474 2490 etietur,
488 2444 582 2495 perum
596 2428 675 2482 distet
687 2449 700 2480 e
714 2430 826 2494 ietroue,
844 2431 888 2499 qui
908 2431 987 2484 etiem
1001 2447 1033 2484 es
1047 2433 1101 2484 solo
1113 2451 1192 2502 eppe-

369 2522 443 2570 retu,
457 2519 584 2564 ettcntete
597 2513 703 2566 ulterius
717 2515 864 2575 ineeeione,
880 2532 928 2583 peu
942 2515 985 2565 teli
1000 2515 1116 2578 hebetur,
1129 2515 1190 2568 dum

370 2615 385 2646 e
399 2607 473 2663 perte
486 2595 568 2664 ipsius
582 2595 650 2646 nihii
663 2606 797 2664 superest,
811 2599 952 2665 quominus
964 2597 1089 2650 delicium
1105 2595 1190 2666 perie-

370 2689 441 2730 ctum
463 2689 600 2745 reputetur.
621 2679 649 2730 Ρ.
667 2681 773 2732 Mulier.
791 2682 830 2734 od
844 2680 938 2734 Struu.
955 2699 1000 2733 ee.
1025 2681 1069 2732 i8.
1094 2682 1132 2734 tir.
1147 2684 1190 2734 50.

371 2760 410 2812 iit.
423 2779 445 2815 c.
460 2759 524 2814 Cum
543 2762 615 2812 cuim
637 2762 695 2812 telis
715 2761 869 2815 insidietrix
890 2779 955 2814 uxor
973 2780 1063 2832 perum
1082 2763 1190 2820 distetr

373 2861 433 2898 sero
451 2844 598 2906 homicide,
616 2845 735 2914 quemvis
755 2845 834 2897 hodie
854 2845 1064 2897 extreordinerie
1086 2855 1188 2900 tautum

370 2946 453 2998 poene
472 2931 557 2981 locum
577 2929 687 2992 hebent,
705 2928 829 2998 Cerpsoe·
845 2931 1110 2998 pr.crim.p.1.pu.
1125 2931 1150 2982 2.
1163 2947 1190 2984 n.

372 3014 415 3065 iil.
435 3013 527 3065 merito
545 3030 645 3080 qunque
665 3012 807 3063 dissolutio
827 3013 991 3065 matrimonii
1010 3011 1191 3078 concedendep

369 3105 496 3167 quantum
517 3095 588 3148 enim
608 3095 636 3144 in
654 3111 683 3146 ee
701 3093 769 3160 tute,
789 3093 939 3146 dissolvisse
957 3097 1010 3161 jem
1024 3093 1127 3150 ridetur
1139 3097 1192 3150 eiu·

371 3181 459 3232 culum
481 3179 681 3231 metrimnuieie.
712 3177 769 3231 imo
793 3178 914 3248 quemsis
943 3177 1022 3232 hodie
1048 3197 1131 3248 poene
1155 3180 1191 3234 sit

371 3261 596 3326 extreordinerie,
618 3271 703 3312 temen
723 3278 774 3314 nnn
798 3258 926 3320 dubium,
950 3261 1016 3330 quin
1034 3261 1066 3314 ed
1087 3262 1192 3332 fustige-

371 3347 470 3399 tionem
483 3344 636 3415 queudoque
655 3345 771 3398 devestiri
791 3344 891 3414 possit:
910 3361 973 3397 num
992 3360 1053 3398 ecto
1066 3345 1191 3410 dicemus,

374 3428 498 3482 meritum
519 3430 684 3482 innocentem
712 3427 761 3479 hoc
785 3443 846 3478 cesu
869 3426 941 3494 sequi
971 3427 1056 3478 teneri
1081 3443 1189 3480 uxorem

372 3509 500 3582 perfidem
520 3518 547 3561 et
565 3503 777 3560 insidiatricem?
795 3508 835 3558 An
860 3523 920 3559 sero
947 3518 1055 3574 propter
1082 3510 1192 3564 elterius

373 3595 498 3648 delictum
519 3593 546 3644 in
565 3603 690 3661 perpetuo
703 3591 787 3644 virere
800 3587 948 3645 coelihetui
959 3591 1011 3644 Ubi
1026 3605 1096 3644 certe
1109 3613 1190 3662 poene

372 3675 533 3728 detineretur
551 3675 578 3725 iu
598 3673 686 3742 ipsum
708 3674 845 3737 meritum,
866 3683 974 3744 propter
992 3678 1064 3740 cujus
1076 3673 1189 3730 ferocem

375 3771 460 3811 temen
474 3775 540 3811 uxor
558 3757 674 3827 punitur.
694 3755 839 3810 Confirmet
858 3756 907 3808 hnc
934 3757 1019 3825 ipsum
1048 3757 1191 3814 Bruclner.

375 3841 405 3893 r'n
422 3839 504 3894 decis.
523 3837 640 3890 matrim.
660 3855 683 3889 c.
703 3837 745 3887 ld·
765 3855 794 3888 n.
814 3839 858 3888 ut.
878 3837 979 3890 duobus
997 3839 1117 3906 ossibus,
1136 3845 1192 3910 qni·

375 3923 424 3975 hus
442 3937 534 3972 uxores
554 3919 621 3971 sitee
639 3917 793 3970 meritorum
812 3915 926 3974 iusidias
938 3933 1082 3976 struxerunt
1092 3963 1101 3988 ,
1113 3937 1137 3979 et
1150 3945 1188 3979 ee-

373 4022 471 4058 neuom
489 4001 548 4054 cibo
567 4003 740 4062 miscuerunt,
760 4001 804 4052 ubi
823 4019 881 4053 cum
902 4021 944 4057 res
961 4021 1079 4059 successu
1096 4011 1189 4062 cernis·

375 4098 432 4147 set,
452 4083 583 4152 instigetio
603 4100 661 4133 cum
681 4097 801 4153 perpetue
825 4083 984 4153 relegatione
1009 4087 1131 4142 veneficis
1149 4091 1190 4142 di-

375 4179 440 4222 ctete
459 4167 526 4228 init,
547 4167 710 4234 divortisque
728 4167 803 4235 plene
822 4169 904 4234 quood
931 4171 1040 4223 meritos
1065 4173 1190 4244 decretu,

376 4253 471 4320 hisque
488 4267 551 4301 nore
571 4249 641 4300 inire
658 4251 776 4316 conjugis
792 4253 960 4318 permissum.

1240 1441 1291 1494 que
1308 1441 1395 1491 preses
1411 1423 1531 1496 ejusdem
1547 1423 1668 1491 pencris,
1688 1420 1720 1471 de
1738 1419 1854 1488 quibus
1879 1435 1940 1468 uon
1961 1429 2073 1470 erstem·

1242 1509 1332 1570 nultus,
1351 1507 1395 1560 scd
1416 1509 1532 1560 minores
1553 1515 1654 1557 tentum
1674 1503 1744 1576 epud
1762 1503 1903 1552 iudaeos
1925 1501 2034 1552 usitetur
2048 1518 2074 1552 tr

1243 1593 1368 1643 moschet.
1387 1589 1463 1643 linde
1482 1590 1505 1642 si
1525 1589 1558 1644 de
1570 1589 1618 1641 hoc
1634 1605 1694 1640 cesu
1707 1587 1911 1656 interrogatus
1925 1584 2019 1636 fnisset
2030 1586 2070 1636 Sel·

1242 1687 1334 1737 sutor,
1352 1673 1397 1726 uhi
1425 1677 1508 1744 mejor
1536 1675 1647 1736 melitis,
1671 1689 1747 1742 quem
1775 1673 1810 1722 in
1839 1669 2006 1720 adulterio:
2023 1667 2093 1736 ttee

1242 1757 1311 1810 heud
1330 1757 1409 1809 dubie
1423 1756 1612 1828 respondisset.
1626 1757 1676 1808 lin.
1693 1757 1801 1807 Praeter
1813 1753 1855 1805 de
1871 1751 2000 1802 descensu
2011 1769 2067 1818 spee-

1241 1841 1289 1892 sud.
1312 1851 1377 1893 rect.
1403 1843 1429 1894 li.
1445 1847 1466 1903 ς,
1490 1839 1582 1892 10.Ει
1603 1841 1689 1907 posito
1708 1837 1750 1908 (id
1770 1835 1855 1905 quod
1882 1847 1976 1886 temen
2002 1837 2066 1884 inse·
2092 1877 2093 1880 ,

1242 1941 1336 1994 speuso
1353 1924 1490 1994 relinquo)
1503 1923 1642 1994 perticules
1666 1921 1725 1974 illes
1746 1935 1918 1990 ιπαρικτος,
1947 1936 1969 1970 re
1985 1922 2019 1984 si
2028 1936 2065 1972 eur

1242 2010 1408 2071 excindere,
1427 2019 1515 2059 temen
1536 2008 1597 2058 illee
1608 2017 1709 2059 tentum
1723 2007 1882 2056 excludunt
1897 2020 1942 2064 ee,
1952 2021 2014 2070 quse
2025 2011 2065 2053 eut

1243 2091 1356 2155 diuersi,
1375 2109 1427 2144 non
1445 2109 1511 2160 qnee
1531 2102 1590 2142 sunt
1610 2088 1726 2158 ejusdem
1745 2087 1876 2158 generis.
1902 2087 1951 2136 Ast
1964 2088 2062 2151 eemjee

1244 2173 1271 2226 iu
1290 2173 1437 2226 retinuihus
1456 2171 1594 2226 decidendi
1615 2173 1753 2244 prnhetum
1779 2181 1847 2237 est,
1879 2171 2061 2222 insidieseitee

1242 2265 1351 2310 structas
1368 2259 1488 2328 proxime
1507 2260 1647 2311 convenire
1665 2275 1723 2310 cum
1744 2258 1893 2311 melitius·
1914 2257 2060 2316 desertione,

1242 2353 1264 2394 ct
1282 2342 1421 2398 edulteri··.
1440 2343 1569 2413 Equidem
1590 2343 1636 2396 elii
1662 2363 1764 2414 quoque
1791 2346 1984 2414 respondent,
2004 2343 2058 2392 cut

1241 2434 1309 2476 stum
1330 2427 1425 2494 priscii
1444 2443 1492 2498 pro
1510 2427 1595 2480 lubitu
1614 2443 1646 2479 ex
1671 2428 1895 2498 quibuscumque
1924 2427 2006 2480 ceteris
2027 2428 2058 2476 iri·

1242 2509 1307 2560 sniis
1323 2508 1431 2562 divortio
1457 2511 1676 2576 instituentibus,
1707 2530 1760 2564 uon
1788 2512 1998 2580 megistreiihus
2023 2527 2054 2578 prs

1240 2593 1371 2662 exigentis
1391 2597 1556 2650 necessitatis
1573 2597 1672 2649 cieium
1685 2615 1773 2650 censes
1787 2597 1979 2650 divortiorum
1993 2594 2054 2645 deter·

1241 2679 1406 2732 minentibus
1425 2681 1526 2747 regulus
1545 2683 1723 2750 preescribere
1740 2681 1872 2734 soluisse.
1888 2675 2050 2732 umescere

1241 2757 1320 2813 decis.
1336 2763 1455 2815 matrim·
1471 2779 1494 2816 r.
1510 2765 1551 2815 tu.
1565 2782 1593 2817 n.
1614 2764 1657 2818 24.
1678 2767 1777 2818 Verum
1798 2766 1827 2816 id
1853 2761 2003 2815 uttticottee
2023 2762 2052 2808 td·

1242 2843 1359 2897 mittitur
1373 2865 1387 2897 e
1403 2846 1530 2915 theologie
1549 2847 1665 2914 uostris,
1683 2868 1705 2901 e.
1723 2845 1862 2902 Gerherd.
1886 2847 1922 2900 de
1934 2845 2049 2914 corispi

1241 2929 1302 2980 605.
1316 2947 1385 3000 seqq.
1404 2929 1459 2984 imo
1482 2933 1534 2984 uisi
1554 2933 1665 2987 essertio
1678 2933 1740 2986 heeo
1752 2933 1785 2986 ed
1811 2947 1901 2987 certes
1920 2931 2011 2983 limites
2023 2944 2048 2978 rc

1241 3011 1367 3080 ducetur,
1385 3019 1491 3070 evenire
1509 3015 1572 3068 inde
1593 3026 1689 3084 posset,
1707 3027 1735 3067 ot
1748 3027 1844 3070 contre
1861 3025 1980 3067 mentem
1993 3011 2048 3062 Liui

1241 3096 1276 3148 sti
1298 3113 1354 3148 moe
1375 3110 1490 3151 soterum
1509 3099 1678 3166 juncorum,
1703 3115 1891 3169 quescumque
1918 3111 1999 3150 censes
2013 3093 2044 3144 ed·

1242 3180 1400 3232 mittentium
1421 3181 1638 3234 introduceretur.
1665 3181 1733 3250 Ergo
1769 3181 1974 3242 concludimus,
1993 3191 2046 3246 pcttt

1242 3263 1422 3328 megietretum
1434 3266 1577 3318 admittere
1596 3283 1685 3320 censes
1703 3285 1785 3337 ecque
1802 3285 1898 3336 qreecs
1914 3267 1953 3320 eet
1967 3263 2042 3330 praeto

1242 3363 1296 3412 res,
1308 3347 1378 3424 quod
1396 3349 1477 3402 etiem
1495 3349 1620 3402 ridentur
1634 3352 1743 3404 intruere
1759 3353 1837 3403 eerbe
1850 3349 1955 3402 Christi
1970 3345 2041 3398 metti.

1242 3431 1265 3482 ii.
1291 3433 1334 3482 ³2,
1358 3449 1486 3502 παρικτος
1505 3431 1738 3504 icyourruprrrnr,
1756 3446 1874 3506 excepta
1900 3449 1980 3487 rursu
1997 3428 2038 3492 sot*

1242 3517 1398 3572 reiectionis.
1421 3515 1501 3576 «iduor
1536 3525 1624 3570 entem
1644 3519 1671 3570 in
1685 3537 1781 3588 genere
1799 3517 1937 3588 significet
1952 3527 2040 3586 proso*

1240 3601 1356 3663 tionem,
1376 3611 1405 3654 ut
1423 3597 1537 3671 sdeoqne
1555 3617 1607 3652 non
1626 3604 1707 3655 tolum
1727 3601 1855 3656 edulterii
1883 3603 1994 3663 crimen,
2009 3594 2039 3646 sed

1242 3685 1321 3734 etiem
1335 3682 1383 3732 elie
1397 3681 1459 3734 huin
1475 3683 1585 3736 urimini
1605 3685 1722 3752 sequelie
1740 3696 1767 3739 et
1785 3687 1992 3756 proportionete.
2007 3679 2035 3730 sti

1242 3766 1331 3817 eonem
1350 3765 1431 3817 etiem
1444 3768 1539 3833 meiere
1558 3767 1658 3834 flagitio
1669 3767 1778 3820 disortii
1791 3785 1883 3824 censes
1895 3766 2036 3820 constituent·

1241 3849 1272 3900 Et
1286 3850 1320 3900 ite
1332 3849 1384 3916 jam
1397 3867 1498 3920 quoque
1510 3851 1607 3903 exinde
1620 3851 1871 3922 interpretetionem
1891 3851 1978 3919 sucipit
1988 3854 2034 3896 tect·

1241 3933 1277 3985 tir.
1292 3933 1363 3996 suu.
1376 3933 1467 4002 Neque
1480 3933 1545 3986 hene
1558 3935 1683 3988 retioucm
1703 3937 1818 3992 evellunt
1828 3977 1836 4004 ,
1846 3955 1913 4010 ques
1924 3945 2001 3988 contre
2010 3945 2034 3978 tr
2092 3999 2093 4002 Ἴ

1240 4019 1305 4086 gerit
1324 4017 1406 4069 Gerls.
1424 4036 1447 4070 e.
1464 4019 1483 4070 i.
1502 4013 1526 4088 fi.
1544 4019 1606 4070 606.
1626 4037 1686 4072 uem
1706 4023 1828 4090 supponit
1848 4035 1957 4088 semper·
1971 4011 2029 4066 ΕΜ·

1240 4113 1305 4154 stom
1325 4099 1393 4168 loqui
1414 4099 1573 4168 simpliciter
1598 4112 1624 4154 et
1648 4101 1778 4165 ebsolute;
1804 4107 1859 4159 imo
1880 4099 2033 4156 esclusieed

1239 4184 1391 4252 exceptive,
1409 4183 1524 4253 edcnque
1541 4201 1629 4238 rocem
1655 4184 1798 4238 contnuo
1814 4189 1848 4241 ite
1877 4181 2031 4250 intetttgtcu

1239 4284 1332 4335 posses
1353 4285 1412 4320 nem
1432 4269 1484 4334 jein
1502 4281 1629 4322 essentum
1645 4279 1702 4333 est,
1716 4269 1853 4326 Christum
1868 4270 1997 4339 respexisse
2007 4263 2026 4310 it

412 4332 436 4403 d·
456 4333 499 4384 ³5·
519 4332 638 4400 Diniq'ffi
655 4331 716 4384 ⁸⁸¹²st
736 4343 819 4400 9⁰¹⁶ss
836 4345 860 4388 ⁸¹
878 4335 921 4386 5¹¹¹
941 4335 1026 4398 ”¹3⁰0
1039 4339 1107 4406 ‘illd‘¹
1121 4355 1191 4414 ⁸²1³·-
1239 4351 1411 4419 responsione
1428 4351 1460 4402 ed
1479 4361 1572 4405 statum
1591 4351 1810 4419 consummer
1821 4348 2028 4425 qoeeisteetuic·

378 4418 442 4469 retio
464 4413 548 4484 quoed
573 4416 675 4466 thorum
694 4421 721 4467 et
740 4430 856 4468 mensum
882 4419 915 4472 sit
934 4437 1033 4473 merum
1055 4423 1190 4480 inventum

274 4531 278 4545 .
377 4494 1191 4578 pontificium,inenibursupcrstructnmfundementis.Quen.

379 4595 435 4638 tum
458 4583 546 4652 iteqne
564 4577 624 4633 fieri
645 4591 746 4649 potest,
766 4581 861 4634 merito
877 4584 911 4635 eb
930 4582 978 4637 hoc
996 4588 1096 4652 medio,
1123 4593 1191 4660 quod

378 4671 408 4723 iu
430 4668 500 4722 nuile
525 4668 624 4719 retiune
647 4665 759 4734 genuine
778 4664 914 4731 tundetur,
933 4668 1132 4736 eisstiuendum,
1158 4677 1191 4729 ed

378 4751 513 4804 eeitendes
532 4751 590 4802 illes
606 4749 675 4802 mele
691 4749 859 4804 cohaerentes
877 4752 1064 4820 conclusiones,
1075 4775 1139 4826 ques
1150 4775 1193 4812 ex·

380 4836 444 4888 inde
461 4842 616 4904 sequuntur.
632 4833 773 4886 Oetensnm
793 4835 844 4900 jem
865 4853 943 4906 supre
964 4851 1013 4902 est,
1026 4841 1134 4909 quidde
1147 4845 1195 4896 hnc

380 4920 493 4988 genuino
513 4913 710 4985 pontificiorum
724 4927 798 4986 pertu
810 4918 963 4980 judiceserit
975 4919 1109 4976 Luthcrus.
1122 4925 1193 4979 idem

381 5003 427 5056 elii
445 5017 552 5072 qnoque
573 5001 737 5052 cordelinres
757 5017 809 5051 unu
836 5001 1010 5056 dissimulent.
1030 5007 1098 5058 Sene
1117 5007 1145 5060 iu
1164 5027 1194 5063 eo

380 5099 471 5142 omnes
488 5085 661 5147 nomentum,
681 5099 733 5134 nou
760 5081 861 5134 iccilem
887 5083 983 5137 debere
1002 5103 1059 5139 esse
1084 5089 1193 5153 iudicem

381 5172 409 5223 in
429 5167 587 5221 admittendi
605 5167 653 5218 hec
671 5171 849 5234 sementinae,
877 5185 912 5220 ne
936 5169 1056 5224 retemire
1075 5171 1193 5239 Christi,

381 5264 440 5307 otor
458 5253 544 5304 serbis
564 5250 697 5306 lirouueei
717 5252 826 5321 dejure
851 5251 966 5304 connud.
992 5251 1038 5305 tib.
1067 5253 1091 5305 2.
1108 5273 1131 5308 c.
1150 5258 1193 5312 29.

382 5355 411 5390 rr.
430 5337 455 5387 ³1.
469 5347 644 5401 reponuntur
655 5334 759 5386 insidiis
766 5335 892 5396 Satanae,
904 5337 1041 5398 tentantis,
1054 5357 1121 5406 quos
1133 5339 1193 5393 lom

379 5419 537 5492 piusquam
551 5427 580 5469 ut
586 5419 697 5485 sejum'is
711 5428 736 5468 et
746 5417 873 5468 orortom'
881 5431 990 5480 vocent,
1003 5419 1119 5489 sejungit
1129 5432 1192 5474 tem·

380 5523 436 5568 pue,
453 5500 743 5572 l.cor.'1.3.ji·ugi1is
761 5501 833 5554 enim
853 5511 892 5553 est
909 5502 1028 5558 humone
1052 5518 1150 5561 notum
1168 5519 1194 5563 et

381 5587 410 5641 iu
424 5595 554 5658 separato
574 5587 745 5640 matrimonio
759 5589 797 5643 ad
807 5587 946 5641 libidinem
956 5607 1102 5660 praeceps.

1240 4447 1314 4485 ceusu
1331 4431 1445 4484 disortie
1462 4432 1665 4488 edmittetttium.

1278 4519 1300 4575 ι.
1314 4513 1357 4566 37.
1375 4515 1489 4569 Alterum
1509 4515 1619 4570 dubium
1638 4518 1666 4570 in
1684 4521 1706 4586 ς
1727 4520 1771 4573 tn
1787 4530 1828 4573 set
1848 4519 1981 4594 spectum
1991 4516 2026 4571 0¹¹¹

1241 4597 1397 4670 videturque
1416 4599 1470 4664 ille,
1482 4617 1548 4669 qnee
1562 4601 1590 4653 iu
1604 4608 1626 4662 §-
1646 4612 1738 4658 nntec-
1757 4615 1821 4658 eunt
1838 4605 1914 4670 dicte,
1925 4608 2024 4654 mersus

1243 4683 1340 4735 Verum
1359 4682 1445 4749 regeri
1464 4692 1561 4752 potest,
1577 4677 1714 4738 Christum
1732 4689 1762 4740 iu
1777 4685 1987 4752 ettnttertonticu
1999 4691 2027 4726 Κ·

1243 4765 1360 4834 spexisse
1377 4767 1408 4818 ed
1428 4765 1626 4821 dissolutionem
1646 4771 1752 4824 unionis
1769 4775 1926 4842 coningelis,
1941 4780 1993 4836 qm
2004 4759 2023 4810 ¹¹⁰

1244 4847 1373 4902 edulterio
1390 4851 1522 4912 occurrite
1540 4869 1627 4905 serum
1646 4854 1691 4907 ttte
1710 4856 1849 4912 dissolutio
1861 4859 1933 4912 etiem
1944 4853 1967 4903 iu
1978 4843 2023 4896 insi·

1245 4929 1384 4988 diieeitee
1402 4933 1509 4985 structis
1528 4933 1742 5004 deprehenditur,
1757 4949 1783 4992 et
1797 4937 1882 4994 edhuc
1893 4928 2022 4992 crideotiun

1244 5029 1320 5080 queen
1339 5015 1367 5066 iu
1386 5013 1535 5069 desertione
1553 5019 1694 5082 melitiose,
1713 5019 1759 5072 nbi
1780 5031 1866 5078 teutru
1884 5039 1913 5076 ex
1934 5010 2019 5070 meunt

1245 5095 1317 5149 Peuli
1335 5097 1370 5150 ob
1381 5101 1499 5152 eemdem
1518 5101 1643 5155 retioncm
1658 5103 1798 5156 divortione
1817 5097 2022 5162 sumtuum-0⁰⁸⁸

1244 5183 1315 5234 enim
1337 5185 1525 5236 meriticidinm
1544 5185 1681 5253 intentet,
1700 5187 1765 5240 illud
1784 5189 2017 5260 antecapturus*

1245 5265 1399 5320 trimonium
1408 5267 1524 5332 dirimet,
1533 5279 1559 5321 et
1572 5267 2018 5342 sesnesocontngsttttbeeet·01w

1243 5349 1282 5399 ris
1302 5367 1360 5404 rem
1379 5370 1430 5405 oon
1444 5370 1546 5420 semper
1572 5355 1684 5408 consilio
1700 5358 1855 5424 respoudcet
1873 5363 1966 5411 secuisti
1980 5337 2015 5394 ,ni-

1243 5429 1301 5484 ficit
1320 5447 1401 5488 temen
1418 5438 1465 5489 tele
1478 5438 1603 5492 delictum
1617 5439 1662 5492 hic
1672 5439 1706 5492 eh
1723 5455 1803 5495 sexoee
1815 5434 2016 5496 essecnumitdfflt

1243 5518 1311 5584 qnod
1326 5518 1489 5574 immeditetc
1502 5523 1585 5590 teupit
1598 5522 1730 5576 vinculum
1744 5525 1814 5578 ieter
1833 5529 1949 5594 conium
1963 5523 1982 5564 ‘i
1991 5507 2016 5556 '¹⁶
2092 5517 2093 5520 ¹

1245 5597 1433 5654 cohehitetioui
1453 5604 1614 5658 coutrerium
1633 5615 1683 5660 est.
1701 5605 1859 5679 Expressius
1881 5605 1930 5664 didi
1944 5597 2013 5671 9⁰¹⁶ss
