4346 6194
325 271 401 353 roos
473 275 477 308 ³
597 277 601 286 '
903 287 942 340 nt
967 281 1114 342 sennar.
1133 279 1249 338 cxrur
1268 281 1314 335 xt.
1834 279 1909 334 ttno

268 399 335 450 llaec
354 403 455 448 tetttutn
470 391 559 464 paucis
571 384 733 444 discutienda
752 395 838 440 ernnt.
853 385 942 438 Primo
955 395 1044 453 urget¹
1061 383 1089 432 in
1140 391 1238 442 artetur,
1250 397 1316 450 qttae
1330 379 1465 448 hocusque
1478 375 1604 432 ettuerott
1613 415 1621 443 ,
1643 381 1728 448 major
1747 380 1894 451 propositio
1913 389 1958 434 sol

268 478 443 532 declaratione
458 477 529 544 pecie
543 476 662 543 poblicee
674 468 854 540 norihergensi
868 469 901 520 de
915 486 992 520 nuno
1011 467 1090 519 tete
1140 464 1197 532 ejus
1210 463 1338 516 connexio
1350 478 1453 532 semper
1463 462 1612 527 oscillent,
1625 465 1648 514 ti
1661 481 1714 517 non
1726 464 1802 534 plene
1814 476 1959 518 corrueret.

268 563 291 630 ς.
310 564 336 614 7.
356 579 409 613 non
423 561 547 619 obstante
565 577 612 630 eq,
624 559 692 626 qood
712 555 822 610 ducibus
841 553 1002 608 circulorum
1014 563 1089 604 sotea
1140 548 1171 602 Et
1188 548 1303 600 uliennns
1320 548 1430 600 omniuo
1448 548 1481 600 als
1497 547 1652 603 executione
1676 549 1866 602 sententiarum
1893 559 1958 616 est,

270 646 412 700 commisse
431 643 514 698 inerit
532 625 667 705 exeiutio,
688 651 774 694 tamen
800 637 953 708 imperatori
972 636 1090 690 relictam
1140 633 1208 702 quod
1226 633 1270 685 hic
1286 632 1393 700 subjicit
1400 669 1409 696 ‚
1422 631 1548 700 puiiisoe
1560 631 1602 686 rei
1612 649 1712 699 purum
1726 633 1794 686 bene
1806 634 1960 688 consultum

273 743 332 780 esse
359 736 510 798 potest-stem
543 725 683 794 specialem
712 723 805 773 moero
830 717 1027 782 constituendi,
1045 715 1093 787 qui
1142 717 1191 781 iri,
1209 719 1236 770 si
1250 727 1345 772 contro
1360 715 1904 785 itostesscituriotorespocisimperium
1919 723 1959 775 de-

269 811 425 883 praeseetoe
436 809 599 863 circulorum
619 825 676 860 non
696 805 869 870 impediturus
887 811 971 866 esset,
989 801 1014 853 si
1023 799 1092 868 ipso-
1132 799 1306 872 fendendum
1319 811 1399 864 esset,
1413 811 1437 854 et
1454 817 1476 854 s.
1497 817 1567 856 oues.
1582 801 1711 872 maiestas
1724 802 1843 870 proprt't's
1856 803 1960 859 uirilius

275 909 338 947 rum
355 913 460 965 quoque
478 892 586 946 otacilio
604 890 734 961 requisito
753 899 849 943 essent.
868 891 969 940 Verum
988 886 1092 947 nescio,
1142 886 1199 939 sut's
1212 885 1253 938 uti
1264 903 1322 937 non
1333 884 1498 950 percensui
1506 886 1559 956 ipsi
1581 887 1718 940 nouitium
1741 907 1759 942 o
1781 888 1956 946 directoribus

275 997 308 1032 en
329 997 380 1031 nou
399 982 476 1030 rerba
493 979 535 1030 hic
552 987 639 1045 captet
659 985 763 1035 auctor,
783 983 809 1026 et
833 971 861 1022 io
886 969 967 1022 aliurn
987 983 1091 1020 mosum
1142 969 1304 1026 circuierunt
1314 966 1512 1038 &petundum
1523 979 1596 1021 esset.
1622 968 1706 1022 Nemo
1725 969 1797 1021 enim
1819 972 1958 1025 itaalesur-

278 1061 432 1131 detorquent
459 1076 536 1130 qnam
555 1077 608 1128 quo
626 1056 822 1126 ibiproposita.
835 1055 934 1106 Textus
946 1053 1018 1104 enim
1038 1067 1095 1120 per·
1144 1050 1193 1102 dus
1205 1054 1273 1116 erit,
1286 1051 1330 1120 qui
1343 1067 1430 1103 cssorn
1444 1049 1607 1104 defensionis
1620 1064 1709 1106 contra
1722 1054 1837 1106 insultus
1851 1053 1959 1110 hostiles

275 1147 365 1215 spicue
390 1145 477 1208 docet,
495 1143 580 1212 qood,
601 1141 624 1193 si
648 1141 786 1211 specialem
811 1138 971 1208 capitaneum
996 1135 1092 1188 onusti·
1145 1137 1178 1188 eb
1197 1137 1330 1188 cuttu-rit
1353 1137 1505 1191 executione
1526 1137 1714 1188 sententiarum
1728 1137 1890 1208 distinguere
1907 1158 1959 1193 non
2060 1193 2061 1198 ,

278 1230 358 1282 tuerit
380 1231 539 1300 imperator,
555 1227 600 1279 ille
619 1227 648 1278 in
667 1223 881 1294 expeditionibus
897 1222 929 1274 sd
949 1221 1026 1272 duces
1043 1221 1091 1273 cir·
1146 1221 1226 1297 norit.
1246 1218 1415 1274 Defensionis
1433 1235 1509 1272 censa
1530 1225 1582 1272 non
1602 1229 1702 1272 leolum
1728 1221 1898 1304 imperatori,
1918 1225 1967 1280 sed

273 1314 391 1368 culorum
412 1307 607 1385 pertinentibus
626 1311 726 1364 nullutn
746 1308 966 1380 impedimentum
986 1306 1096 1373 injicere
1144 1315 1170 1358 et
1184 1305 1300 1358 statibus
1317 1305 1444 1377 permisso
1462 1315 1526 1358 suot
1543 1305 1632 1358 omnia
1651 1307 1784 1374 remedia,
1804 1309 1861 1364 eise
1876 1315 1960 1381 juris,

275 1401 359 1466 possit
385 1407 433 1450 aut
458 1397 566 1449 debeat:
586 1397 622 1448 ita
647 1395 717 1446 enim
738 1409 766 1446 se
791 1392 868 1444 rerba
893 1389 1005 1454 habent,
1025 1386 1096 1442 aucit
1145 1391 1198 1442 siro
1217 1388 1302 1453 iactis
1320 1399 1393 1441 extra
1413 1389 1485 1442 nunc
1509 1405 1598 1444 casum
1617 1407 1678 1442 xero
1702 1393 1866 1445 executionis
1888 1399 1960 1449 culi·

276 1482 347 1536 siler
370 1481 541 1551 Hortdlunp,
559 1495 591 1532 so
617 1477 703 1532 dorsis
727 1475 799 1530 seiie
823 1476 1015 1545 Haupt-Lente
1041 1471 1097 1526 uod
1145 1473 1215 1528 natio
1233 1484 1320 1528 sancte
1339 1473 1472 1526 servande.
1493 1474 1613 1528 Pertinet
1632 1476 1682 1527 huc
1700 1479 1777 1544 copt't.
1810 1479 1886 1549 deep.
1910 1496 1961 1535 ere,

200 1601 204 1608 -
274 1567 374 1619 ilcetlse
397 1566 469 1619 uocis
496 1566 630 1633 Vermdge
658 1563 747 1616 dieser·
775 1555 1098 1625 Excutiens-oedem
1146 1559 1190 1610 ld.
1203 1558 1272 1611 circo
1271 1557 1389 1628 fimulii
1403 1559 1550 1628 imperetur
1561 1561 1686 1613 omnibus
1700 1563 1848 1630 promittit,
1864 1583 1891 1619 se
1909 1571 1963 1621 eim

264 1647 486 1721 su'rgettotntrtee
505 1651 559 1704 aott
575 1651 633 1703 und
650 1665 714 1719 mog
737 1647 860 1710 werden,
878 1645 956 1700 itet'rte
979 1645 1096 1696 Veritt‘o·
1146 1644 1218 1696 iiiam
1237 1643 1260 1695 ei
1276 1645 1439 1712 repulsurum
1477 1654 1502 1696 el
1520 1643 1598 1696 laesis
1616 1661 1738 1713 scopein
1754 1647 1962 1712 inurentium

276 1737 382 1806 deruup
398 1737 482 1800 edun,
501 1753 534 1789 ex
552 1734 648 1804 quibus
666 1731 753 1784 serbis
772 1727 912 1784 mesliieete
929 1733 1048 1784 constat,
1068 1725 1095 1776 in
1145 1725 1240 1782 Induit
1258 1727 1304 1780 des
1316 1725 1413 1780 Reicies
1425 1726 1485 1780 Sole
1498 1729 1554 1780 stud
1572 1727 1739 1782 Ececutious
1754 1733 1894 1807 ordnung.
1914 1743 1964 1794 m

277 1819 348 1883 illia,
365 1835 429 1887 quse
453 1835 501 1889 per
525 1819 721 1871 ordinationem
747 1815 912 1866 executionis
935 1812 1094 1865 circulorum
1146 1811 1197 1864 scir
1213 1811 1281 1866 eber
1297 1829 1351 1864 oon
1370 1811 1418 1864 des
1433 1812 1642 1882 neietenegeu,
1656 1811 1723 1868 oder
1744 1817 1795 1870 dos
1819 1823 1854 1873 Η.
1881 1823 1962 1876 asiel.

274 1901 383 1954 clunibus
400 1917 541 1963 concessa,
560 1901 663 1952 nullutn
684 1899 908 1966 impedimentum
928 1896 994 1966 ipsis
1013 1899 1093 1948 crecri
1145 1893 1316 1962 uugegrt'ffeu
1343 1896 1401 1948 und
1424 1893 1557 1964 bekrieget
1586 1895 1691 1957 uitreis,
1723 1899 1836 1956 olsdeura
1869 1913 1964 1976 rotigen

276 1983 404 2035 ‹leberea
427 1985 565 2053 capitaneo
587 1998 724 2040 caesareos
743 1999 807 2050 ergo
830 1981 914 2032 molto
937 1979 1027 2032 minos
1050 1996 1096 2049 per
1152 1977 1272 2031 Wiruns
1286 1977 1429 2031 atter-rust
1451 1979 1659 2045 euctemon.
1679 1983 1731 2034 His
1749 1989 1851 2039 ossibus
1866 1989 1894 2041 is
1910 2011 1961 2044 mo-

277 2069 346 2120 linoc
364 2088 377 2120 s
395 2072 470 2136 juger
487 2066 636 2136 exequendi
662 2065 764 2118 excludi
780 2053 913 2134 poterunt.
930 2065 1007 2118 Unde
1031 2065 1097 2117 hanc
1147 2061 1333 2130 repericulum
1352 2071 1411 2122 est,
1438 2063 1509 2129 qnod
1536 2077 1599 2114 sane
1625 2081 1676 2116 ooo
1702 2078 1739 2118 est
1766 2067 1795 2118 io
1813 2073 1966 2128 essentiane

274 2152 369 2203 cluam
387 2149 592 2222 dispositionem
611 2150 679 2203 male
696 2149 831 2217 restringit
843 2157 931 2203 auctor
943 2149 975 2200 sd
993 2165 1095 2213 ossum,
1148 2142 1293 2197 sententiae
1311 2143 1404 2209 indicii
1417 2143 1507 2207 aulici,
1525 2153 1555 2196 ut
1573 2146 1636 2198 hino
1653 2163 1706 2199 non
1725 2168 1792 2219 opos
1817 2153 1875 2218 eit,
1894 2155 1965 2209 diee-

273 2234 300 2286 ei
315 2234 455 2304 meorum,
469 2233 573 2285 scilicet
585 2232 681 2284 ducena
693 2231 997 2300 circularium,quoque
1017 2230 1097 2286 auet-
1147 2241 1247 2281 otorom
1267 2227 1357 2278 circuli
1378 2229 1435 2294 jors
1456 2229 1562 2281 turbare
1580 2227 1615 2282 ob
1633 2230 1776 2302 tco‚quod
1790 2235 1908 2304 ipsorum
1922 2261 1954 2292 an

274 2320 313 2372 iis
332 2317 463 2390 requisitu
483 2327 582 2370 essent.
604 2315 655 2369 Sed
673 2315 719 2367 ubi
745 2314 809 2367 lsaee
836 2309 984 2368 ltsbenturi
1004 2314 1097 2368 lucit.
1150 2316 1244 2369 silium
1263 2311 1303 2366 eel
1323 2312 1439 2376 lentum,
1460 2315 1499 2364 tel
1516 2314 1672 2384 qnsodoqoe
1691 2317 1818 2383 insitum,
1839 2335 1864 2376 et
1889 2343 1966 2396 saepe

273 2401 473 2454 rectudicitur
493 2377 602 2468 quidem
621 2392 736 2450 infincx
756 2399 883 2451 dessein
903 2398 1098 2464 troops-tram
1149 2403 1307 2470 imperatum
1326 2397 1378 2448 site
1399 2413 1430 2449 ex
1450 2395 1499 2450 hac
1517 2400 1588 2451 enim
1609 2416 1681 2452 soora
1699 2401 1790 2470 exipna
1810 2406 1878 2459 nihil
1892 2409 1965 2461 dece.

272 2487 334 2538 ceu
348 2483 455 2536 andern
467 2517 475 2546 ,
486 2498 516 2534 so
525 2479 616 2551 ferne
636 2481 680 2533 iitr
695 2481 830 2534 eitterdes
844 2477 949 2532 undere
969 2480 1099 2549 ingedren
1148 2481 1193 2535 det
1211 2481 1290 2533 sslrstl
1308 2479 1435 2549 imperii.
1454 2491 1480 2533 et
1495 2481 1515 2532 ai
1536 2483 1614 2534 ouius
1628 2486 1720 2538 circuli
1733 2485 1876 2542 directores
1896 2494 1964 2545 inei·

275 2569 383 2632 werde,
407 2565 581 2636 ieyatneudig
606 2580 673 2635 reyes
696 2567 781 2627 eolles
799 2583 888 2618 rerunt
913 2565 963 2616 hoe
990 2565 1028 2616 ibi
1047 2585 1099 2618 non
1151 2577 1190 2618 tos
1206 2564 1302 2618 uiderit
1319 2566 1376 2618 sola
1396 2557 1533 2632 'amarem
1558 2579 1646 2636 parete
1670 2585 1703 2623 ex
1730 2570 1833 2641 legibus
1860 2577 1966 2646 imperit

275 2651 482 2720 hebetur,quod
504 2661 566 2704 tuno
584 2647 826 2720 libcreprccedere
845 2650 928 2720 possit
945 2651 1099 2720 oepitsneus
1149 2649 1281 2703 medicine
1309 2657 1367 2714 est,
1396 2659 1427 2702 ot
1456 2648 1551 2704 ricinis
1577 2652 1686 2706 circulis
1715 2659 1836 2710 executio
1860 2659 1966 2714 «lemae.

277 2735 438 2804 'uuperiulis‚
458 2736 479 2786 si
507 2733 602 2785 ducum
625 2733 798 2786 circularium
824 2733 956 2786 suxilintn
976 2749 1030 2786 nou
1048 2733 1101 2787 im·
1152 2737 1236 2786 detur.

275 2820 428 2888 ploratum,
445 2818 490 2869 sed
510 2817 560 2869 hoo
581 2816 619 2868 ibi
646 2817 812 2880 intenditur,
829 2816 995 2886 capitaneum
1014 2819 1099 2889 impe-
1187 2817 1271 2872 Porro
1287 2817 1319 2871 sd
1337 2816 1463 2873 instruite.
1480 2836 1541 2888 pos.
1560 2829 1614 2874 ort.
1634 2821 1675 2872 tn.
1695 2817 1717 2892 fi
1738 2823 1762 2877 8.
1783 2833 1809 2874 et
1827 2825 1851 2878 l.
1866 2825 1909 2879 lile
1927 2847 1968 2882 η.

276 2904 368 2956 risleso
390 2901 559 2971 imploratum
573 2913 724 2954 succurrere
736 2901 831 2954 debere
844 2902 990 2970 cepitaoen
1008 2903 1100 2955 circuli
1149 2902 1270 2972 preditus
1289 2904 1385 2955 iterum
1405 2909 1507 2966 auctor,
1528 2905 1596 2972 quod
1617 2903 1650 2958 de
1677 2909 1832 2962 executione
1859 2923 1967 2966 senten·

276 3003 353 3057 opem
372 2987 429 3051 ejus
447 2985 667 3037 desiderantibus.
686 2982 836 3038 temnere
861 3001 923 3054 ergo
942 2986 1100 3040 circulorum
1151 2989 1248 3039 tisruna
1267 3003 1319 3039 noo
1337 3004 1414 3054 apere
1432 2989 1594 3058 praecedenti
1613 2991 1703 3060 cupite
1720 2995 1841 3058 erictume
1862 3010 1887 3050 et
1908 3017 1965 3066 gra·

277 3069 420 3140 prseiectie
438 3069 575 3121 accedebst
587 3069 634 3120 ille
651 3068 819 3136 capitaneos.
834 3070 1022 3141 principaliter
1041 3087 1102 3124 sero
1152 3078 1207 3120 tum
1220 3071 1331 3123 omnino
1345 3071 1412 3123 mihi
1423 3081 1479 3134 est.
1491 3073 1559 3142 qood
1577 3078 1633 3144 ipse
1647 3087 1737 3128 auctor
1755 3078 1859 3130 dubiotn
1869 3085 1969 3135 ratione

276 3155 348 3224 ipsi,
377 3155 495 3206 exclusis
519 3154 595 3218 istis,
622 3153 693 3203 nihil
718 3152 854 3204 committi
878 3161 987 3222 poterat
1015 3151 1102 3224 Longe
1150 3156 1414 3219 ‹comtoisssrioruso¹
1434 3155 1516 3209 ducto
1538 3159 1617 3212 inste.
1636 3179 1695 3230 pec.
1711 3164 1968 3234 constituendorum,

278 3253 341 3305 ergo
363 3237 414 3289 elia
440 3237 509 3289 telio
535 3243 593 3300 est,
618 3249 759 3303 quaerere,
784 3252 818 3287 ao
844 3233 988 3303 imperator
1019 3243 1101 3306 possit
1153 3243 1334 3304 resoluturus,
1354 3241 1466 3309 ingenue
1484 3241 1610 3304 istestnr,
1629 3243 1701 3312 pacis
1720 3247 1822 3300 tabulis
1848 3249 1885 3300 ibi
1919 3269 1970 3302 uon

279 3319 489 3374 commissarium
504 3321 565 3370 dare
577 3355 584 3384 ‚
597 3319 643 3388 qui
657 3319 684 3368 in
696 3321 851 3370 executione
864 3319 924 3371 duci
943 3321 1100 3373 circulorum
1151 3339 1227 3392 egere
1245 3323 1279 3375 de
1295 3329 1449 3379 executione
1467 3341 1554 3378 rerum
1574 3327 1751 3392 judicatarum
1760 3367 1769 3394 ‚
1801 3335 1845 3382 sed
1868 3333 1970 3403 publice

279 3403 481 3473 assistat‚qood
499 3403 603 3455 tandem
624 3403 778 3471 exalleqsto
797 3403 852 3454 loto
870 3401 965 3455 deduci
985 3413 1102 3475 poteret,
1154 3418 1357 3472 transrotarumc
1378 3409 1742 3478 numantinorum
1762 3424 1859 3467 tantum
1890 3420 1968 3484 pcrti-

281 3491 351 3538 aicut
370 3487 439 3538 etad
459 3487 589 3538 auxilium
610 3487 639 3538 in
657 3487 814 3538 executione
834 3486 967 3538 ferendum
989 3506 1017 3541 ae
1034 3489 1102 3542 obli·
1154 3505 1209 3552 net,
1229 3493 1266 3544 nti
1287 3509 1372 3546 rexere
1392 3497 1523 3562 pertinet,
1545 3497 1612 3549 mele
1631 3497 1764 3567 hucusque
1777 3501 1840 3554 haec
1858 3519 1964 3560 senten·

280 3571 348 3641 petit
368 3572 517 3639 impetatur
535 3572 563 3620 in
583 3585 677 3622 retest.
696 3568 805 3639 imp.de
822 3587 898 3623 cuno
920 3570 996 3622 totu.
1016 3570 1039 3643 5.
1059 3575 1101 3626 37.
1154 3577 1249 3628 tiernus
1268 3578 1469 3630 executiooibns
1488 3580 1617 3649 applicate
1637 3591 1707 3636 sunl.
1728 3585 1805 3638 Hisne
1818 3597 1914 3641 textum
1927 3611 1968 3642 sn-

281 3656 310 3708 t'tt
320 3653 378 3724 fite
403 3671 479 3722 quem
499 3655 584 3705 locum
605 3670 652 3722 pro
680 3670 708 3704 se
725 3655 848 3718 aslducit,
866 3655 929 3708 licet
954 3655 988 3708 de
1005 3672 1104 3713 coetero
1155 3674 1205 3713 torn
1227 3661 1248 3711 ei
1267 3677 1327 3713 oum
1346 3661 1403 3730 ipso
1415 3673 1520 3716 auctore
1533 3683 1728 3724 remoseemus.
1745 3671 1851 3740 penitus
1870 3681 1971 3732 orirerur

280 3738 352 3789 nihil
378 3737 461 3807 ipsius
488 3738 612 3806 opinioni
636 3735 770 3788 conterat:
790 3755 823 3788 en
847 3755 907 3792 reto
929 3741 1012 3808 possit
1042 3743 1104 3796 dare
1153 3745 1327 3800 commissarii
1343 3746 1489 3817 imperialis
1503 3753 1660 3819 constitutine
1674 3763 1699 3805 el
1711 3751 1809 3809 trustra
1823 3757 1854 3811 ad
1868 3772 1967 3817 textum

284 3822 514 3883 commisserium,
534 3823 579 3886 qni
606 3820 698 3870 circuli
724 3821 869 3888 praefectos
893 3823 926 3874 eb
951 3825 1103 3878 executione
1155 3835 1205 3900 jam
1227 3841 1355 3883 remotum
1374 3831 1431 3900 ipse
1456 3834 1484 3884 in
1508 3836 1601 3885 eodem
1633 3843 1655 3898 ς.
1685 3841 1813 3903 recurrit,
1840 3843 1969 3901 eluendo:

286 3904 422 3966 excludet,
441 3905 475 3953 ele
493 3921 544 3970 quo
564 3902 633 3953 nillil
654 3905 681 3954 iu
699 3904 809 3969 eliopeto
829 3905 899 3956 loco:
918 3905 1011 3960 islense
1030 3912 1102 3962 enirn
1155 3913 1210 3966 nisi
1229 3915 1256 3966 in
1269 3915 1633 3973 erecutiorteseotsrttt’orum
1652 3923 1857 3980 commissarios
1882 3947 1970 3983 cursu.

284 3991 333 4040 hoo
352 3996 409 4051 est,
428 3999 454 4038 et
475 4001 508 4037 oe
527 3985 633 4038 verbulo
652 3987 679 4036 id
706 3987 885 4055 probandum,
906 3993 980 4059 qrsod
994 3995 1107 4049 oe'rotdo·
1156 4017 1216 4054 reos
1228 4001 1307 4053 etium
1319 4001 1442 4054 adhiberi
1449 4003 1559 4054 solitum
1570 4003 1682 4070 fuisset,
1707 4007 1738 4060 t'd
1756 4008 1784 4062 in
1807 4020 1970 4072 cusentinae

283 4089 344 4126 rum
363 4069 442 4123 duces
461 4071 578 4122 ss'cisse’m
596 4073 741 4123 exercitari
754 4085 883 4124 caesareo
903 4078 1102 4140 pruepedt'utett·
1154 4086 1300 4152 pocx'srtort
1320 4085 1419 4152 ficisset
1443 4086 1822 4147 noviterintroduetum.'8e‹l
1841 4117 1906 4167 quae
1925 4106 1969 4157 tu,

283 4171 312 4214 to
337 4157 453 4232 otjtcere
477 4157 675 4224 impediantur,
703 4171 738 4208 sc.
765 4160 792 4208 in
821 4173 897 4222 men,
916 4161 939 4211 si
972 4163 1105 4216 ittuntur
1156 4165 1361 4238 consequentis?
1381 4171 1409 4221 Si
1431 4169 1479 4222 hoo
1498 4171 1601 4226 solitum
1621 4189 1673 4225 oon
1694 4171 1972 4242 inisset‚oooiuisset

284 4243 464 4296 executionem
484 4241 608 4310 expedire
625 4241 713 4292 vellet.
733 4241 815 4294 Porro
835 4255 1059 4312 provocatauotor
1073 4251 1105 4303 ad
1156 4257 1183 4306 iu
1203 4256 1353 4308 executione
1372 4257 1443 4325 pacis
1463 4255 1647 4309 introductum.
1669 4259 1788 4326 liegerox
1809 4263 1831 4314 si
1859 4265 1908 4319 lanc
1928 4289 1967 4322 eo·

285 4329 403 4400 eq'usdem
423 4327 493 4394 9²⁰5*
513 4325 711 4377 ¹¹⁰⁰¹⁸mi⁰⁰⁸m
732 4326 764 4377 ‘¹⁶
780 4343 855 4378 “W
876 4328 989 4393 mii·
1005 4331 1108 4386 order
1156 4341 1233 4392 litum
1253 4339 1345 4392 inisset
1364 4340 1473 4400 victori,
1492 4337 1554 4393 duro
1580 4343 1806 4408 commixticium,
1829 4365 1879 4400 non
1906 4373 1971 4422 opu,

283 4412 433 4486 gemeldteu
455 4409 718 4478 Crasse-Hondiuug
735 4411 778 4461 39.
791 4409 854 4474 ubi,
867 4413 889 4463 si
909 4415 978 4466 inter
996 4419 1107 4472 circulos
1158 4423 1251 4480 inisset
1271 4425 1319 4478 hnc
1338 4440 1384 4492 per
1403 4419 1610 4492 pacificationem
1630 4425 1805 4480 introducere.
1820 4433 1887 4486 Sene
1901 4439 1970 4492 ineo-

286 4514 364 4567 super
389 4493 541 4546 executione
567 4494 606 4549 rel
633 4497 689 4562 ejus
715 4497 795 4548 modo
821 4496 855 4547 lis
877 4499 996 4564 scietur,
1015 4519 1056 4555 res
1075 4504 1107 4556 sd
1157 4507 1202 4560 litu
1222 4508 1298 4576 plane
1312 4507 1391 4558 mrrlta
1405 4507 1451 4557 hao
1464 4523 1526 4574 pace
1537 4509 1708 4576 westphalica
1724 4512 1873 4570 introductu
1892 4539 1948 4576 esee

285 4597 415 4635 caesarem
434 4576 593 4629 deferendas
610 4579 657 4629 hoo
676 4579 748 4630 enim
768 4595 845 4632 nemo
857 4582 885 4634 io
905 4581 1013 4635 dubium
1036 4603 1106 4640 roca·
1159 4593 1278 4662 pluribus
1296 4593 1425 4660 exemplis
1444 4591 1553 4662 probato
1573 4589 1729 4646 facillimum
1751 4595 1833 4661 iorcte
1854 4621 1900 4658 nec
1913 4568 1972 4677 proi

286 4665 399 4728 bit,sed
415 4661 597 4730 impet-storius
616 4663 746 4728 conjectati
765 4663 840 4731 liujus
853 4665 1013 4719 decisionem
1028 4687 1107 4738 spon.
1159 4678 1252 4730 defle·
1275 4676 1296 4727 al
1316 4678 1457 4745 allegesse,
1475 4677 1520 4728 illa
1539 4693 1601 4744 paee
1620 4679 1703 4746 megia
1727 4678 1759 4733 de
1788 4688 1972 4756 restringenda

292 4761 318 4803 te
334 4759 440 4810 asseret,
457 4745 527 4814 qnod
546 4745 688 4798 etanobis
706 4743 805 4798 iactum
826 4757 865 4800 est
880 4751 959 4818 posit.
978 4751 1003 4802 8.
1026 4753 1130 4816 ΡτοὶιοῚ
1158 4779 1234 4830 quum
1254 4757 1401 4828 amplitude
1421 4758 1532 4811 oeesaris
1552 4767 1680 4827 potestate
1698 4771 1782 4816 actum
1802 4783 1876 4824 esse:
1904 4788 1971 4845 resp.

261 4846 264 4854 .
291 4845 380 4887 tomen
400 4831 444 4883 itio
462 4827 671 4894 obsersenduns,
690 4829 774 4899 qiud,
794 4831 816 4882 si
842 4831 981 4902 imperator
1000 4835 1109 4890 dubium
1160 4843 1255 4912 duplex
1274 4843 1417 4912 exequendi
1438 4843 1544 4897 ciclico
1569 4855 1633 4912 pere
1657 4857 1796 4914 consents,
1825 4871 1873 4908 nec
1899 4875 1976 4928 anper

292 4923 340 4974 hoc
360 4935 437 4988 super
456 4917 608 4969 executione
628 4925 747 4968 exortum
767 4915 873 4968 decreto
891 4935 938 4972 suo
958 4922 1110 4990 sustulerit,
1161 4941 1208 4979 neo
1227 4929 1323 4980 minute
1342 4938 1492 4998 ponentem
1513 4929 1699 4997 impensuri„
1718 4933 1763 4983 „a
1784 4933 1911 4992 bellorum
1933 4945 1973 4998 pn·

291 5023 342 5059 ⁰0¹¹
363 5004 412 5055 hol*
432 5015 478 5070 Ρετ
496 5001 707 5054 commi³⁸⁸fi⁰¹¹¹
728 4999 911 5069 ῙΨΡΒΓΙΙΝΙΜ
930 5003 975 5056 ⁸⁰¹1
994 5021 1040 5074 pet·
1057 5009 1109 5059 cir·
1160 5009 1277 5086 fortunio
1296 5013 1372 5064 laesis
1392 5011 1534 5065 remedium
1556 5024 1654 5066 leolum
1674 5012 1757 5080 effert,
1775 5036 1827 5088 quo
1842 5023 1910 5077 rium
1923 5029 1979 5084 sibl

291 5089 362 5142 culos
386 5085 535 5138 executioni
564 5084 757 5146 mundandum,
781 5101 829 5154 per
853 5089 948 5138 rerba:
976 5089 1035 5141 dues
1059 5093 1111 5144 nir·
1162 5094 1365 5150 commodiorem
1385 5098 1494 5164 seligere
1513 5097 1631 5166 possints
1655 5099 1722 5166 qnod
1748 5117 1806 5152 cum
1842 5105 1904 5159 aliis
1930 5132 1978 5178 per

292 5173 367 5224 donn
394 5169 479 5222 duruit
506 5169 546 5219 die
573 5167 659 5218 circui
681 5169 790 5221 scindere
817 5169 987 5237 mergueles
1006 5175 1110 5227 werden
1161 5181 1318 5235 sententium
1334 5179 1503 5232 restituendis
1518 5181 1574 5248 lege
1585 5181 1688 5251 publiea
1701 5199 1850 5240 concessum
1864 5207 1916 5244 non
1931 5201 1979 5265 sit,

291 5256 361 5318 soll,
376 5271 441 5322 quae
460 5253 542 5304 latine
560 5252 587 5302 in
611 5251 691 5302 alium
714 5268 819 5304 tentum
849 5259 929 5306 traxit
955 5267 1052 5311 unctor.
1071 5259 1111 5312 Ex
1160 5263 1294 5317 ordinaria
1312 5265 1457 5334 exequendi
1476 5265 1515 5317 eis
1534 5265 1655 5319 incedere
1672 5267 1778 5320 delent.

293 5338 472 5406 Sltlteiiot'ibtt!
490 5347 608 5386 conlittl'e
627 5347 700 5403 pulei
717 5347 846 5400 illelom.
858 5353 924 5389 cm.
938 5343 1064 5407 tlluieiittii
1077 5347 1109 5396 ii·
1197 5347 1358 5418 Colophouis
1371 5346 1426 5400 inno
1441 5349 1611 5418 objectionem
1625 5353 1872 5408 resolvitque-'0191
1896 5363 1981 5414 Μή,

292 5421 385 5474 bernm
405 5437 476 5482 esse,
498 5420 537 5470 sel
557 5437 602 5488 per
616 5419 727 5471 oiccsdos
742 5421 781 5470 sel
800 5437 846 5489 per
857 5423 921 5474 alios
937 5425 1070 5497 principes
1084 5439 1110 5482 et
1161 5429 1207 5482 tiis
1219 5435 1367 5500 augustinis
1380 5431 1413 5484 de
1426 5449 1501 5485 nono
1516 5433 1594 5485 150⁰.
1606 5433 1649 5486 ubi
1659 5435 1982 5507 comitiPuppenlseiuaio

293 5517 386 5570 sintne,
405 5507 443 5556 sel
463 5520 510 5572 per
528 5504 722 5556 commissarios
741 5505 868 5573 speciales
889 5511 1031 5562 sententias
1050 5528 1110 5565 snas
1158 5517 1281 5569 executio
1295 5517 1438 5568 contexisse
1451 5535 1508 5571 nort
1521 5517 1606 5572 solius
1619 5521 1711 5590 isuper.
1732 5523 1784 5575 sed
1806 5533 1833 5574 et
1855 5537 1982 5583 statum

293 5587 395 5658 exequi.
409 5589 507 5640 Verum
520 5589 590 5638 nude
602 5589 651 5638 ¹²⁰⁶
672 5590 1010 5660 ⁰⁰⁰⁸0i⁰³i¹¹tshtttttsque
1024 5593 1111 5650 sidere
1162 5597 1471 5670 arbitrioeregerendo‚
1492 5601 1530 5653 ild
1564 5605 1723 5658 sententiam
1747 5625 1798 5660 non
1829 5610 1986 5680 injudicio

292 5687 344 5723 non
355 5672 427 5724 licuit
437 5680 484 5737 ‚et
497 5673 517 5724 si
528 5672 567 5723 sel
580 5669 854 5740 deciesinsylloqismt
865 5672 1112 5750 iorrnamrcdigeret
1161 5686 1261 5753 aulico,
1280 5686 1325 5740 sed
1358 5689 1481 5744 canteruli
1514 5688 1697 5746 inisselatem.
1729 5691 1782 5746 Sed
1811 5695 1876 5766 quid
1902 5697 1987 5755 inde:
