4414 6188
215 245 264 298 113

760 231 808 286 DE
827 231 916 291 JUtlll
935 231 1157 290 enontuurtnt
1176 249 1237 292 arc.

1731 238 1782 292 1'li

175 346 244 416 tari.
268 339 353 409 Tota
374 338 486 426 iisque
514 331 661 400 tractatio
687 329 870 398 versabitur
884 330 964 400 circa
985 335 1037 422 jus
1057 331 1254 422 prohibendi
1278 331 1512 398 extructionem
1533 327 1782 412 fortalitiorum,
1796 357 1833 402 eo

174 431 330 510 methodo,
355 443 390 496 ut
419 423 607 515 perplures
636 423 868 488 controversias
894 433 1023 510 rugato,
1047 425 1090 488 tle
1108 423 1248 514 singulis
1274 421 1355 515 quid
1372 425 1529 505 soritium,
1552 425 1719 511 aperiam,
1734 436 1767 490 et
1796 425 1833 491 iu

170 525 327 594 decisione
338 519 510 612 quaelibet
526 515 729 581 subsisteret
745 510 1126 582 finiaturcoutrororsiu.
1236 511 1242 522 '

400 799 738 865 summurn

175 981 313 1050 Expositis
327 979 450 1034 rubricae
463 974 669 1048 elissertotionis.
681 972 705 1044 5.
719 977 745 1027 1.

174 1069 332 1142 Quibusnam
345 1072 481 1127 competat
482 1062 530 1134 jus
542 1057 691 1113 extruendi
695 1057 835 1129 sortair'tii.
848 1064 869 1122 5.
882 1057 910 1109 2.

174 1148 295 1206 stranieri
302 1145 441 1200 sententia.
456 1152 478 1206 5.
492 1145 517 1194 3.

172 1237 222 1290 lin.
236 1230 365 1284 Fritsclrii
382 1226 525 1283 dubitatio.
543 1227 650 1280 Veteres
662 1227 763 1293 optime
773 1227 925 1281 calluerunt
938 1243 979 1280 ar-

199 1331 248 1372 tem
269 1313 417 1368 muniendi.
440 1313 559 1364 Gentiles
582 1313 690 1364 cuilibet
710 1313 863 1384 provinciae
892 1315 976 1366 Deum

201 1403 338 1458 tutelarem
359 1399 467 1450 dabant.
489 1395 743 1462 Pontificiisnnctis
767 1398 824 1452 suis
842 1399 873 1451 eie
888 1398 973 1454 aneiov

205 1504 250 1539 nes
262 1483 470 1548 prouinciarum
483 1492 510 1533 et
521 1482 626 1534 urbium
641 1479 801 1536 concedunt.
816 1491 837 1546 5.
852 1483 878 1536 1.

173 1570 304 1624 Transitio
318 1569 355 1620 ael
366 1565 523 1620 ulteriorem
537 1566 736 1618 tractationem.
749 1567 772 1630 §.
786 1569 811 1618 li.

169 1655 208 1708 De
218 1656 280 1724 jure
292 1650 458 1724 prohibendi
472 1649 645 1716 imperatoris
657 1661 755 1704 contra
767 1661 861 1706 status.
876 1657 896 1715 5.
911 1653 938 1704 3.

170 1742 367 1810 Argumentum
379 1752 430 1798 pro
444 1733 610 1804 imperatore.
626 1739 649 1794 5.
662 1737 690 1785 ΙΙ1.

171 1821 297 1874 Stamleei
307 1828 507 1889 argumentum.
521 1823 542 1877 5.
556 1814 581 1866 Θ.

172 1903 258 1960 Aliud
267 1913 455 1973 argumentum
470 1901 587 1972 eiusdem
602 1899 732 1954 Stamleri
745 1919 797 1971 pro
811 1903 981 1968 imperatore.

205 1987 350 2057 Responsio
380 1987 417 2038 nd
446 1993 604 2054 argumento
636 1995 661 2038 et
691 1985 815 2056 exemplo
843 1985 980 2040 Stamleri.

203 2071 265 2124 5οο.

169 2151 343 2204 Continuatio
354 2148 458 2220 peioris
472 2152 662 2212 responsionis.
675 2153 698 2217 §.
715 2153 758 2204 10.

170 2231 349 2288 Concluditur
377 2231 538 2301 imperatori
565 2251 620 2286 non
653 2253 711 2288 esse
734 2237 784 2308 jus
813 2238 983 2300 prohibendi.

203 2323 223 2376 5.
237 2320 286 2368 11.

165 2404 257 2452 Motus
275 2401 395 2466 gaudent
406 2399 472 2474 J'ure
486 2399 651 2468 protiteudi
667 2414 761 2455 contro
787 2401 982 2471 imperatorem.

93 2527 97 2532 .
199 2483 281 2544 512.

171 2567 296 2622 Ulterior
306 2566 442 2632 probatio.
456 2563 480 2635 5
495 2567 539 2617 13.

165 2651 247 2705 Nemo
285 2652 313 2704 in
344 2651 457 2704 alterius
481 2651 621 2706 territorio
650 2655 716 2724 qnid
737 2667 864 2710 extruere
887 2665 984 2723 potest.

198 2732 282 2799 511.

167 2821 324 2874 Forstnerii
338 2821 444 2888 regalia
459 2825 628 2874 transeuntia
642 2832 781 2878 notantur.
796 2832 817 2888 5.
830 2825 872 2876 lli.

163 2906 346 2973 Confirmatio
358 2920 408 2974 pro
423 2903 595 2957 distinctione
607 2905 817 2959 territoriorum.
831 2913 851 2969 5.
867 2908 908 2958 tt.

165 2989 397 3058 Notatatrfirctum
411 2985 487 3041 Ludo
505 2989 544 3039 ici
553 2989 626 3041 sotii.
642 2989 662 3050 5.
678 2991 721 3040 17.

1027 893 1047 949 5.
1067 887 1092 938 1.
1117 835 1225 940 Locus
1242 883 1348 952 qnlrlem
1364 881 1407 937 hic
1425 883 1582 952 postularet,
1597 895 1626 938 ut
1644 885 1840 938 dissertationis

1029 971 1135 1022 titulum
1154 981 1182 1022 et
1201 968 1296 1031 serbe,
1313 967 1410 1038 quibus
1429 966 1515 1020 lutura
1543 971 1659 1023 tractatio
1677 967 1836 1032 exhibetur,

1025 1057 1211 1114 enuclearem
1228 1069 1283 1104 eam
1309 1052 1380 1104 euim
1400 1051 1581 1104 necessitatem
1611 1051 1689 1104 nohis
1708 1053 1839 1120 irreposus·

1028 1145 1093 1189 eum
1112 1135 1272 1194 methodici,
1286 1134 1365 1202 idque
1384 1150 1475 1186 eorum
1496 1136 1564 1201 lepes
1583 1141 1689 1202 exigere
1704 1135 1839 1190 ridentur.

1028 1219 1080 1274 Sed
1095 1238 1154 1272 curn
1169 1221 1290 1288 pleraque
1304 1219 1340 1268 ita
1352 1229 1514 1284 comparata,
1527 1219 1676 1286 usqueadeo
1689 1231 1746 1273 nota
1766 1223 1834 1282 sint,

1027 1313 1056 1355 ut
1076 1303 1193 1370 ipsorum
1226 1303 1374 1354 intellectus
1404 1299 1510 1366 iacllla,
1535 1317 1619 1372 oeque
1650 1303 1835 1368 mctneodnnr,

1029 1385 1135 1438 dubiam
1154 1385 1393 1453 aequirucationem
1413 1387 1525 1438 leuiores
1545 1389 1571 1436 iu
1591 1399 1681 1437 sensus
1698 1386 1800 1439 elienor
1818 1401 1843 1442 ot

1029 1487 1132 1523 asersos
1153 1470 1322 1522 «tartessiorum
1341 1486 1413 1534 esse,
1425 1471 1460 1522 ita
1479 1469 1513 1520 ab
1528 1485 1618 1520 eornm
1637 1471 1844 1537 aequanimitate

1029 1564 1055 1606 et
1076 1553 1239 1623 indulgentia
1259 1554 1362 1605 versiam
1384 1553 1589 1622 impetraturum
1602 1553 1721 1604 contritot
1732 1555 1753 1606 si
1766 1572 1843 1624 perra.

1031 1637 1162 1690 tremissia
1181 1635 1325 1706 superfluis
1344 1645 1371 1688 ct
1390 1635 1512 1688 inanibus
1532 1633 1675 1704 scrupulis,
1690 1637 1738 1690 hoc
1756 1639 1844 1692 labora

1030 1717 1058 1770 in
1085 1720 1295 1788 praesentiarum
1321 1718 1483 1772 abstinuero.
1509 1721 1672 1772 Vocabulum
1697 1721 1763 1786 juria
1787 1737 1844 1775 esse

1031 1804 1105 1854 raldo
1128 1804 1298 1872 ambiguum,
1325 1803 1460 1872 rariorque
1487 1805 1605 1870 recipere
1636 1801 1843 1870 significationes

1029 1881 1143 1939 dilliteri
1163 1904 1214 1939 non
1242 1904 1363 1956 pessuma
1383 1899 1410 1940 at
1432 1887 1503 1940 euim
1522 1905 1585 1938 reru
1611 1901 1699 1938 esrum
1719 1889 1844 1955 quaedam

1031 1969 1067 2021 ita
1085 1981 1265 2040 comparatae,
1287 1983 1392 2038 tamque
1409 1970 1535 2023 elienses
1556 1971 1686 2037 praesenti
1709 1973 1844 2022 tractatio·

1032 2074 1065 2110 ne
1083 2067 1160 2120 sunt,
1180 2069 1207 2110 ut
1225 2073 1277 2108 non
1306 2057 1359 2108 nisi
1378 2057 1453 2110 ratde
1479 2058 1582 2122 jejunus
1608 2057 1640 2108 de
1659 2057 1713 2108 illis
1732 2059 1845 2122 cogitare

1030 2139 1129 2209 possit3
1143 2141 1169 2190 in
1189 2141 1248 2190 aliis
1262 2155 1321 2190 sero
1333 2139 1502 2192 recensendis
1514 2139 1704 2208 quamplurimi
1723 2153 1843 2193 erectores

1031 2233 1091 2276 ιιιιι
1112 2241 1152 2275 me
1172 2219 1277 2274 inerunt
1295 2223 1428 2292 occupati,
1443 2240 1553 2292 quorum
1573 2240 1653 2291 opera
1673 2241 1714 2274 me
1733 2225 1793 2276 lruic
1807 2225 1844 2276 la-

1032 2307 1089 2360 bori
1110 2307 1172 2358 iecit
1191 2308 1377 2376 supersedero,
1398 2307 1451 2360 rid.
1478 2306 1568 2359 llahu.
1595 2306 1626 2356 ad
1654 2308 1785 2360 Wesentu
1803 2309 1843 2361 tit.

1031 2394 1063 2444 ele
1078 2391 1181 2459 iustitia
1200 2402 1225 2442 et
1240 2391 1301 2458 jetre
1320 2407 1347 2444 rt.
1370 2390 1413 2442 11.
1434 2392 1532 2444 ΜιιΙίιι.
1557 2391 1590 2444 de
1603 2391 1627 2462 J'.
1646 2402 1672 2444 et
1689 2393 1710 2459 j.
1731 2397 1755 2442 1.
1775 2394 1844 2456 elisp.

1033 2473 1056 2528 2.
1079 2475 1180 2526 lessius
1197 2475 1230 2527 tle
1244 2474 1266 2542 p'.
1284 2485 1310 2528 et
1324 2475 1345 2542 p'.
1364 2473 1383 2528 1.
1402 2475 1428 2527 2.
1445 2475 1508 2528 dui.
1528 2477 1552 2527 2.
1573 2475 1629 2528 lma
1647 2475 1690 2528 rix
1708 2487 1786 2529 erunt
1805 2487 1844 2530 tot

1032 2556 1238 2628 significationes
1255 2559 1370 2612 vocabuli
1390 2561 1472 2628 joele,
1485 2577 1562 2630 quam
1577 2572 1709 2618 suctores,
1726 2561 1772 2627 qui
1791 2565 1846 2627 ejus

1032 2645 1233 2710 explicationem
1256 2643 1308 2708 iarn
1332 2657 1393 2696 ante
1420 2661 1461 2694 me
1491 2645 1646 2713 saepissime
1675 2655 1846 2713 susceperuut

1029 2730 1100 2794 juxta
1118 2745 1148 2778 ac
1167 2725 1320 2780 felicissirne
1337 2725 1527 2780 exhibuerunt.
1547 2725 1671 2781 Sufficiat
1696 2727 1783 2796 itaquo
1803 2729 1845 2776 ‹li-

1030 2813 1100 2862 xisse
1121 2811 1159 2860 sel
1177 2811 1265 2878 potius
1285 2813 1427 2878 repetiisse
1446 2827 1479 2862 ex
1497 2809 1595 2864 Grotio
1620 2811 1665 2862 tit.
1687 2815 1711 2863 l.
1731 2811 1763 2860 ele
1775 2812 1845 2883 jura

1031 2893 1094 2944 tetta·
1110 2903 1137 2945 et
1153 2891 1229 2962 pacis
1246 2909 1308 2958 cap.
1323 2895 1348 2945 1.
1366 2901 1387 2953 5.
1407 2893 1431 2944 1.
1450 2895 1493 2963 jus
1510 2911 1568 2946 esse
1584 2895 1736 2962 qualitatem
1759 2909 1844 2945 mora·

1032 2979 1082 3030 lem
1101 2977 1132 3030 ιιιΙ
1150 2978 1249 3048 reliquid
1271 2979 1418 3031 habendum
1438 2981 1478 3030 rel
1497 2979 1766 3048 apeodurnzquorum
1788 2996 1844 3031 sen-

164 3079 207 3125 Aer
222 3085 348 3140 tempore
361 3071 524 3125 necessitatis
536 3075 564 3124 in
578 3074 689 3127 alterius
702 3073 803 3127 ditione
809 3071 980 3142 fhrtatitium
1004 3069 1008 3140 i
1030 3079 1086 3114 “¹¹¹¹
1108 3062 1130 3114 ΙῙ
1150 3063 1178 3115 111
1197 3063 1356 3130 ⁶⁰¹¹¹l2²¹¹di⁰
1375 3065 1464 3115 miti!
1483 3065 1561 3129 'iliis
1580 3081 1632 3116 ¹¹⁰⁰
1660 3076 1708 3116 'tm
1728 3064 1760 3114 ²¹¹
1780 3067 1844 3134 phi·

198 3157 305 3226 erigere
319 3157 401 3210 liceat
410 3153 423 3207 ἲ
433 3154 454 3224 5.
471 3158 516 3207 18.

167 3245 237 3310 Quill
252 3241 367 3292 Grotius
381 3252 407 3292 et
423 3237 649 3309 Puffenelorffius
662 3243 791 3297 sentiant.
803 3251 826 3306 5.
840 3244 881 3295 tit.

1031 3145 1193 3214 lusophiam,
1212 3163 1288 3214 qnsun
1317 3163 1482 3199 communem
1511 3163 1587 3199 usaue
1610 3147 1710 3216 aptatis
1733 3148 1846 3217 exponi·

1031 3246 1104 3289 ursis,
1124 3247 1166 3282 res
1190 3247 1222 3282 eo
1240 3229 1327 3292 redit,
1346 3229 1414 3298 quod
1441 3229 1626 3300 principibus,
1646 3231 1843 3300 imperantibus

162 3325 316 3391 Responsio
330 3325 368 3377 ad
376 3325 517 3390 exemplo,
530 3343 599 3394 puae
611 3327 714 3393 opponi
723 3339 845 3394 possunt.
856 3325 881 3397 5.
894 3327 935 3380 2⁰.
1004 3319 1008 3402 5
1029 3321 1056 3408 et
1075 3311 1185 3363 statibus
1217 3322 1273 3365 usta
1293 3313 1378 3380 aliqua
1392 3312 1499 3365 isorrltaa
1517 3315 1660 3373 asseritur,
1673 3317 1696 3367 ri
1715 3317 1788 3382 cujus
1802 3333 1841 3368 ra-

163 3412 366 3479 Argumentnm
378 3427 415 3458 ee
428 3410 518 3476 capite
529 3409 716 3464 hamanitatis.
729 3419 750 3474 5.
764 3413 808 3464 tt.

163 3491 242 3542 Horti
269 3491 361 3562 aliqui
380 3491 452 3544 licite
476 3493 625 3546 corruenti
645 3493 674 3546 in
701 3493 812 3549 atterius
834 3497 981 3550 territorio.

196 3577 281 3641 522.

166 3659 284 3730 Dejure
298 3661 464 3726 prohibendi
475 3679 512 3714 es·
520 3665 615 3730 pactis
629 3669 651 3724 5.
665 3661 709 3714 23.

171 3745 244 3810 Quid
252 3755 377 3812 ternpore
389 3740 562 3798 induciarum
575 3745 679 3799 liceat?
690 3753 710 3806 5.
724 3744 767 3797 21.

167 3829 218 3881 Jas
223 3827 396 3897 prolu'lrendi
405 3831 534 3895 competit
544 3848 581 3882 ese
590 3829 744 3900 priuilegio.
769 3827 904 3894 Exempla
917 3825 982 3879 ciui·

203 3922 313 3974 turrem,
327 3930 398 3980 quae
408 3911 526 3981 gaudent
533 3913 598 3982 iure
609 3913 774 3982 prohibendi
784 3929 821 3964 ete
832 3910 980 3984 priuilegio.

199 4001 220 4056 5.
235 3993 283 4046 23.

164 4077 238 4144 Ouid
251 4077 337 4131 lroriie
348 4079 401 4130 ista
413 4077 548 4148 priuilegia
561 4077 691 4133 calcanti
702 4079 725 4152 5.
739 4079 782 4132 23.

164 4159 284 4232 Dejure
296 4159 462 4228 prohibendi
466 4175 578 4232 propter
588 4162 807 4217 aemulationem.
820 4169 843 4224 5.
855 4163 898 4214 tr.

161 4247 192 4294 ln
208 4245 264 4298 irae
279 4247 394 4297 materia
407 4245 496 4314 aelius
507 4247 583 4298 civile
597 4249 752 4302 recurritur·
767 4253 786 4308 5.
801 4246 846 4297 23.

163 4327 236 4391 Quid
244 4327 284 4378 rit
298 4327 468 4380 aemulatio?
480 4335 502 4390 5.
518 4329 561 4380 23.

1033 3413 1085 3446 rias
1103 3395 1137 3444 arb
1157 3412 1245 3450 caussas
1264 3395 1405 3463 prohibere
1423 3407 1548 3464 possunt,
1568 3414 1601 3450 us
1618 3397 1676 3460 ulii,
1695 3399 1740 3464 qui
1763 3413 1844 3466 aeque

1030 3479 1188 3530 admittendi
1207 3479 1238 3530 ad
1260 3479 1307 3530 hoo
1326 3481 1365 3545 ins
1386 3477 1560 3543 ridebantur,
1580 3481 1618 3532 rel
1636 3481 1732 3548 quihus
1750 3483 1842 3534 ocuti.

1004 3559 1008 3624 ἔ
1033 3567 1068 3615 tio
1088 3575 1169 3615 statos
1193 3561 1298 3625 obstat,
1318 3562 1483 3616 minuimento
1509 3575 1641 3616 extruant.
1670 3565 1841 3634 Reliquorum

1031 3649 1167 3700 rerborum
1182 3641 1392 3712 significationes
1405 3649 1507 3700 nemini
1516 3649 1641 3700 obscurae
1654 3665 1711 3700 esse
1723 3665 1844 3716 possuntt

1029 3731 1092 3798 quid
1112 3733 1183 3780 enisa
1204 3731 1238 3778 sit
1257 3729 1411 3798 prohibere,
1424 3733 1488 3798 quid
1509 3733 1544 3782 eit
1562 3745 1683 3786 extrrreee
1698 3733 1843 3802 lexicogra.

1003 3825 1007 3881 ¹,
1029 3811 1075 3880 phi
1094 3811 1196 3862 abunda
1208 3811 1383 3878 suppeditent
1394 3853 1401 3869 ,
1414 3813 1528 3881 taliaque
1540 3831 1618 3866 neruo
1630 3815 1752 3883 ignorare
1769 3835 1845 3884 prae·

1003 3899 1007 3964 ξ
1030 3895 1159 3953 sumitur,
1180 3893 1232 3944 uisi
1252 3895 1296 3962 qui
1317 3893 1459 3947 attenedum
1480 3911 1575 3964 expers
1593 3909 1634 3950 est
1653 3900 1792 3952 latinarum
1813 3901 1842 3954 ll·

1003 3993 1007 4046 Ι
1030 3984 1150 4030 terarum.
1175 3979 1334 4030 Vocabulum
1363 3977 1482 4030 fortalitil
1506 3979 1608 4032 tandem
1635 3983 1703 4051 qrmrl
1730 3989 1843 4052 attinet,

1028 4077 1089 4112 usus
1107 4064 1253 4115 communis
1277 4061 1303 4112 it
1323 4071 1349 4115 et
1366 4063 1472 4115 oisitate
1495 4063 1601 4116 rioriaait
1623 4076 1648 4116 et
1668 4066 1733 4118 satis
1751 4079 1842 4122 uotum

1030 4143 1159 4206 reddidit;
1180 4141 1291 4198 sulliciat
1312 4147 1420 4199 iuterim
1442 4147 1614 4210 meminisse,
1632 4151 1700 4219 quod
1722 4153 1749 4202 in
1770 4169 1841 4222 prae·

1002 4227 1006 4316 5
1028 4229 1096 4280 senti
1122 4230 1274 4282 tractatione
1300 4247 1349 4298 pro
1366 4231 1440 4283 uruui
1458 4249 1554 4298 genere
1580 4233 1756 4292 munitionis,
1776 4255 1843 4304 quea

1001 4317 1005 4366 Ι
1029 4314 1126 4366 recedit
1142 4315 1175 4368 ah
1194 4314 1240 4366 illo
1257 4315 1422 4367 custodiendi
1444 4313 1532 4379 ruodo,
1552 4333 1629 4384 quem
1657 4318 1753 4384 priesti
1772 4336 1840 4370 com·

161 4409 284 4475 orsinae
304 4409 358 4460 ruo
370 4409 540 4465 scurnum
558 4410 774 4464 incursuum
790 4411 931 4486 eujusdam
946 4413 980 4467 ι.
1001 4385 1005 4462 l
1027 4399 1142 4452 murier
1159 4415 1251 4451 omnes
1268 4409 1295 4449 u
1314 4399 1424 4467 «ruiense
1445 4399 1526 4452 sonu
1552 4399 1746 4466 ,munuum
1765 4403 1841 4472 ..rut-

191 4493 260 4562 gati.
279 4500 303 4552 5.
318 4494 361 4544 30.

157 4575 299 4631 lroibesii
309 4577 498 4630 testimonium.
514 4577 531 4631 i.
550 4578 594 4631 31.

157 4661 421 4733 Majnrpierumpue
433 4661 540 4714 invidia
553 4663 581 4716 in
600 4662 821 4732 prohibemini,
835 4679 917 4732 qesam
931 4681 977 4718 se·

196 4745 361 4799 tenentibus.
372 4741 394 4814 5.
408 4745 451 4796 32.

155 4834 333 4900 Argumenta
354 4827 639 4889 almiridensium
657 4830 699 4879 33.

154 4911 264 4965 Substiti
277 4927 333 4964 non
346 4915 465 4980 gaudent
473 4910 535 4980 p'ure
549 4911 695 4966 muniendi.
708 4919 727 4975 5.
740 4913 784 4966 31.

158 4999 281 5053 Notatur
295 4997 425 5049 Nicotaus
438 4995 478 5046 Bo
488 4996 568 5048 erius.
581 4997 603 5062 5.
615 4997 658 5049 33.

155 5083 321 5155 Explicntt'o
336 5081 384 5151 leg.
398 5083 440 5132 10.
453 5081 510 5133 cori.
523 5083 557 5134 tie
569 5081 702 5154 aediliciis
714 5083 809 5148 petunt.
821 5077 846 5152 5.
860 5081 901 5133 36.

157 5169 302 5222 Judiciarn
316 5167 349 5218 rie
361 5176 519 5238 argumento
535 5185 571 5221 ee
583 5169 630 5239 leg.
646 5171 687 5220 to.
701 5169 846 5231 derrrmpto.
860 5175 881 5228 5.
896 5167 939 5219 37.

155 5257 204 5306 An
220 5251 398 5306 rsoiuersitati
406 5261 537 5319 competat
544 5251 589 5319 p'ns
604 5251 764 5304 muniendi?
776 5253 797 5314 5.
816 5252 860 5303 33.

154 5341 202 5390 An
215 5338 266 5404 p'us
279 5335 394 5388 ciuitatis
405 5345 536 5402 competat
541 5335 590 5406 jus
604 5333 765 5390 muniendi?
777 5341 798 5397 5.
814 5335 857 5386 33.

154 5424 292 5477 Rationes
304 5418 482 5494 affirmantes.
495 5425 517 5480 5.
532 5419 574 5472 10.

156 5506 315 5575 Responsio
329 5503 368 5558 ati
374 5504 575 5571 praecedentia.
587 5499 610 5574 5.
625 5502 667 5554 11.

157 5591 338 5648 Curetim-:atio
350 5589 485 5660 priorum.
498 5584 580 5660 512.

1026 4483 1089 4535 bers
1114 4483 1195 4547 solet,
1214 4483 1311 4550 quique
1338 4486 1463 4550 proprius
1481 4483 1512 4534 art
1539 4485 1598 4536 itha
1626 4485 1732 4537 hellinas
1751 4497 1839 4550 artes,

1000 4552 1004 4646 i
1027 4567 1140 4633 speciem
1161 4582 1283 4618 norarunr
1305 4583 1392 4616 rerum
1412 4565 1603 4620 molieurlerum
1624 4569 1750 4622 habentes
1768 4587 1839 4623 aoce-

1000 4651 1003 4683 ¹
1027 4647 1081 4713 tir,
1099 4661 1235 4717 acceptum
1256 4649 1374 4700 uelimus.

999 4696 1003 4766 i
1060 4735 1082 4799 5·
1102 4735 1127 4784 2.
1149 4733 1223 4786 Prius
1238 4751 1312 4799 reru,
1328 4751 1403 4801 quam
1422 4733 1454 4784 ad
1475 4735 1668 4787 tractactionem
1690 4739 1837 4803 praesentia

1025 4818 1148 4870 misseriae
1160 4817 1364 4880 descendamus,
1385 4830 1408 4869 et
1430 4817 1611 4886 inquiramus,
1624 4819 1747 4886 quianam
1766 4827 1793 4871 et
1805 4834 1838 4870 ex

1023 4903 1119 4971 quihus
1136 4904 1222 4956 causis
1242 4919 1307 4954 oum
1326 4919 1388 4970 prae
1406 4903 1518 4954 caeteris
1532 4903 1589 4964 iure
1601 4901 1760 4970 pralrihendi
1776 4919 1836 4970 geu·

1024 4987 1094 5051 dest,
1109 4988 1197 5057 paucis
1215 4985 1346 5054 attingere
1363 4988 1472 5052 attinet,
1492 4985 1596 5038 cuinam
1616 4987 1777 5057 regulariter
1796 4989 1836 5054 ius

1021 5073 1155 5125 eximendi
1175 5071 1298 5126 fortalitia
1317 5081 1459 5140 competat.
1479 5071 1586 5124 Scilicet
1605 5085 1638 5122 ex
1657 5087 1754 5140 genere
1772 5087 1831 5141 per·

1024 5159 1163 5208 misarum
1183 5168 1239 5216 est,
1258 5168 1282 5208 et
1299 5155 1331 5207 arl
1353 5155 1420 5208 illud
1438 5171 1531 5208 ornnes
1550 5155 1685 5225 principes
1705 5167 1839 5224 statusque

1023 5238 1126 5305 lauterii
1154 5255 1256 5290 summa
1275 5247 1399 5306 potestus
1423 5248 1450 5290 st
1469 5239 1658 5307 superioritste
1676 5239 1836 5292 territorlati

1022 5321 1163 5388 garrientes
1180 5322 1358 5374 arimittondos
1371 5340 1444 5384 esse,
1458 5321 1488 5375 ad
1504 5323 1644 5374 minimum
1659 5339 1676 5375 u
1697 5333 1753 5374 stro
1768 5333 1838 5375 tem·

1023 5422 1086 5474 pure
1105 5407 1173 5476 sputi
1199 5408 1334 5477 plerosque
1359 5407 1387 5457 iu
1408 5407 1517 5467 dubium
1535 5415 1561 5459 et
1574 5407 1602 5458 in
1621 5404 1769 5460 eunteuuu
1790 5417 1836 5457 est.

1024 5489 1139 5541 Tametsi
1165 5490 1252 5554 enisu,
1276 5489 1491 5558 quotiescumque
1516 5506 1570 5542 rem
1597 5492 1672 5556 paulo
1696 5489 1776 5540 altius
1803 5489 1837 5538 ah

1023 5572 1125 5641 origiue
1144 5581 1261 5642 repetere
1280 5581 1305 5624 et
1323 5571 1355 5623 ad
1374 5571 1464 5642 peiora
1485 5579 1603 5643 tempora
1622 5575 1751 5643 respicere
1768 5573 1835 5624 rotn'·
